4872 6432
807 468 1129 525 PBOLEGOMENON
1144 467 1273 525 OAPVI'
1291 467 1346 524 111.
1761 465 1867 521 XXXI

342 624 431 684 Anno
454 625 531 684 1565
551 623 665 703 prodiit
683 623 877 700 Antverpiae,
900 623 982 700 typis
1001 621 1210 692 Plautinianis,
1231 621 1324 681 editio
1355 620 1551 682 celeberrima
1581 620 1728 681 Ludovici
1749 621 1870 681 Carrio-

263 731 320 804 nis,
342 730 464 792 scholiis
485 733 642 804 Instructa,
664 733 714 809 qui
735 750 751 790 e
772 730 850 790 libro
871 731 1085 810 manuscripto,
1100 749 1189 806 quem
1204 735 1273 789 8558
1286 735 1443 790 sexcentos
1454 731 1762 808 anncsconscriptum
1775 727 1869 788 fuisse

265 839 447 916 gravissima
467 838 629 898 multorum
649 838 761 898 iudicia
782 835 1003 908 confirmarent,
1019 837 1092 896 locis
1114 834 1381 896 innumerabilibus
1395 837 1602 914 Argonautica
1615 853 1648 894 se
1662 833 1869 894 emendavisse

263 943 419 1023 professus
440 951 497 1004 est.
518 944 594 1006 Cum
616 951 716 1004 autem
736 950 768 1003 et
786 945 881 1003 nimia
901 941 1095 1003 librariorum
1115 941 1308 1002 festinatione
1322 947 1353 1002 et
1367 943 1439 1012 aius,
1454 943 1503 1001 cui
1517 935 1719 1002 describenda
1733 939 1869 1010 dederat,

263 1053 457 1132 neglegentia
477 1050 592 1114 factum
613 1059 694 1114 88885
714 1058 749 1112 55
767 1071 823 1132 pro
844 1051 999 1112 veteribus
1019 1049 1173 1111 erroribus
1203 1050 1332 1111 sublatis
1352 1051 1422 1110 novi
1450 1055 1678 1110 succrescerent
1699 1054 1730 1108 et
1750 1055 1870 1108 veteres

264 1180 324 1221 non
343 1163 462 1220 omnino
481 1179 585 1221 omnes
605 1161 805 1232 tollerentur,
828 1159 991 1236 eodemque
1012 1157 1077 1218 fere
1099 1163 1232 1237 tempore
1254 1157 1289 1218 Ο.
1311 1156 1450 1218 (11185158
1470 1177 1526 1216 858
1555 1156 1738 1236 collectanea
1759 1157 1790 1214 15
1810 1155 1870 1214 Lu-

263 1268 390 1328 cretium
412 1267 566 1345 edidisset,
589 1268 750 1345 inquibus
772 1269 867 1328 muita
889 1267 948 1327 sibi
968 1273 1110 1346 surrepta
1133 1266 1239 1327 Carrio
1258 1271 1388 1346 putaret,
1411 1286 1488 1326 auno
1511 1267 1609 1341 1566,
1632 1263 1764 1335 ibidem,
1783 1264 1869 1323 novis

265 1376 516 1454 castigationibus
538 1357 674 1450 adiectis,
690 1379 817 1438 aiteram
838 1377 1001 1436 editionem
1022 1377 1149 1437 curavit
1175 1374 1301 1435 Librum
1321 1376 1566 1454 manuscriptum,
1578 1393 1636 1451 quo
1650 1372 1755 1433 Carrio
1767 1372 1798 1430 in
1807 1370 1867 1429 Ar·

264 1481 434 1561 gonauticis
455 1483 649 1543 recensendis
669 1503 741 1543 usas
763 1489 818 1555 est,
840 1485 872 1543 in
893 1483 999 1560 Belgio
1021 1488 1175 1562 repertam
1189 1501 1256 1542 esse
1270 1501 1306 1541 ex
1319 1479 1568 1558 castigationibus
1582 1479 1741 1558 posteriori
1755 1477 1870 1536 Valerii

264 1588 389 1649 editioni
409 1591 584 1668 praemissis
603 1592 679 1651 satis
700 1593 821 1664 scimus,
843 1591 899 1652 855
919 1611 977 1669 555
997 1591 1171 1670 pervenerit
1190 1589 1281 1650 ubive
1302 1591 1451 1650 interierit
1463 1589 1576 1648 nullum
1591 1593 1706 1648 certum
1721 1583 1808 1644 nobis
1823 1588 1871 1642 585

264 1695 488 1755 testimonium:
508 1715 606 1775 neque
626 1703 727 1756 tamen
747 1697 902 1776 Meynokii
924 1699 1096 1758 coniectura
1116 1697 1220 1776 procul
1241 1696 1381 1758 abdenda
1401 1696 1474 1755 mihi
1494 1695 1623 1764 videtur,
1644 1695 1696 1769 qui
1718 1690 1871 1752 (18515518

263 1803 398 1863 codicem
420 1804 450 1862 in
470 1805 598 1864 Lovanii
617 1802 704 1865 urbis
725 1805 894 1885 direptione
916 1811 969 1865 aut
990 1805 1128 1866 incendio
1150 1805 1245 1865 aliove
1267 1824 1340 1866 casu
1351 1805 1501 1864 interiisse
1521 1804 1624 1862 85515
1646 1803 1737 1861 81155
1757 1801 1866 1872 locum,

263 1907 316 1968 ubi
336 1907 466 1970 fortasse
487 1911 585 1970 adhuc
607 1913 701 1990 latet,
724 1914 903 1972 5585818555
925 1931 992 1973 5885
1011 1913 1140 1992 putavit.
1163 1912 1239 1973 Cum
1259 1913 1353 1988 igitur
1372 1909 1465 1970 codex
1493 1910 1541 1968 ille
1562 1909 1593 1968 15
1613 1913 1717 1968 nostra
1746 1906 1866 1968 8855518

263 2037 323 2077 555
342 2020 525 2096 pervenerit,
546 2018 620 2078 nihil
641 2019 679 2080 de
700 2021 764 2080 eius
786 2027 885 2081 855558
910 2021 1074 2082 decernere
1088 2039 1246 2098 possumus
1267 2038 1362 2096 55555
1377 2019 1407 2078 15
1420 2015 1478 2077 585
1492 2017 1635 2095 temporis
1650 2015 1871 2094 computatione

264 2128 377 2199 quanta
398 2121 551 2183 Carrionis
573 2125 684 2186 iudicio
704 2125 781 2186 fides
802 2125 964 2188 tribuenda
985 2127 1069 2204 sit1)
1091 2125 1178 2186 nobis
1200 2131 1326 2186 constat:
1338 2143 1466 2185 censura
1476 2125 1555 2183 enim
1569 2123 1607 2182 de
1618 2122 1731 2182 codicis
1742 2120 1871 2196 antiqui-

265 2233 336 2301 tate,
359 2249 447 2306 quam
469 2229 575 2291 Carrio
595 2233 626 2291 in
647 2234 756 2310 vulgus
777 2235 916 2294 emittere
937 2235 969 2294 in
990 2235 1088 2293 animo
1116 2231 1256 2309 habebat,
1278 2245 1439 2309 numquam
1472 2231 1545 2289 iuris
1568 2227 1682 2308 publici
1710 2227 1792 2287 facta
1813 2229 1869 2286 est.

263 2331 399 2395 Eandem
431 2335 469 2396 ob
491 2357 613 2396 causam
643 2357 797 2418 perpauca
817 2345 889 2399 sunt
920 2341 1054 2418 quaeda
1083 2341 1229 2400 exteriore
1260 2337 1371 2398 codicis
1401 2338 1502 2416 specie
1533 2335 1669 2415 proferre
1699 2350 1867 2412 possumus.

263 2443 356 2503 Manu
377 2442 497 2519 quidem
520 2446 689 2506 recentiore
718 2467 942 2525 nonnumquam
963 2447 1097 2508 codicem
1129 2446 1328 2526 depravatam
1348 2464 1415 2505 esse
1435 2464 1472 2504 ex
1493 2443 1647 2504 Carrionis
1674 2440 1868 2500 adnotatione

266 2555 305 2614 ad
318 2553 375 2613 v.I
390 2553 449 2612 679
459 2553 540 2613 clare
553 2559 639 2632 patet
650 2555 779 2632 itemque
793 2575 831 2616 ex
845 2575 874 2615 v.
893 2555 981 2615 1831
994 2556 1102 2615 liturae
1115 2553 1261 2632 quasdam
1274 2572 1342 2613 eum
1352 2571 1475 2632 passum
1488 2571 1555 2612 asae
1569 2553 1644 2612 satis
1658 2551 1870 2630 perspicimus.

264 2659 333 2720 Non
345 2661 421 2720 nulii
442 2665 541 2720 autem
563 2679 671 2721 versus
692 2659 720 2743 [Ι
739 2661 809 2740 830,
833 2661 884 2721 ΠΙ
905 2661 953 2738 77,
968 2661 997 2719 V
1018 2660 1068 2744 83]
1090 2661 1219 2738 margini
1233 2657 1356 2720 firerrmt
1368 2659 1523 2739 adscripti,
1538 2659 1779 2738 interpunctione
1793 2678 1866 2719 vero

267 2767 400 2830 codicem
410 2788 469 2828 non
480 2772 612 2830 caruisse
626 2789 664 2830 ex
676 2791 724 2830 vv.
736 2769 753 2830 1
765 2772 889 2846 563-653
903 2771 937 2830 Π
950 2771 1019 2838 817,
1027 2769 1227 2842 1128445117
1241 2770 1344 2846 26-28,
1358 2768 1460 2839 8588,
1476 2767 1597 2839 672-73;
1608 2765 1655 2827 VI
1664 2766 1786 2837 537-38,
1801 2765 1870 2840 748;

265 2875 345 2935 VIII
365 2877 405 2936 56
426 2883 484 2936 555.
509 2875 702 2937 manifestum
723 2883 779 2938 est:
801 2879 930 2955 denique
951 2895 1058 2937 versus
1079 2875 1159 2936 VIII
1181 2877 1238 2935 105
1258 2881 1427 2954 postremus
1449 2872 1648 2944 55515181515,
1670 2892 1739 2932 cum
1759 2873 1866 2951 reliqui

264 2989 433 3062 temporum
452 2984 561 3044 iniuria
581 2985 750 3063 periissent.
774 2983 975 3046 Nihilominus
989 3003 1062 3042 num
1074 2981 1267 3043 festinatione
1287 2987 1376 3058 atque
1395 2980 1588 3058 neglegentia
1608 2978 1714 3039 Carrio
1735 2997 1811 3055 quae
1826 2977 1867 3036 ad

264 3091 377 3152 codicis
398 3091 636 3154 aestimationem
656 3093 777 3152 maximi
797 3093 888 3170 pretii
910 3098 1012 3152 essent
1031 3090 1142 3168 ubique
1173 3091 1348 3150 adnotasset
1368 3091 1426 3151 viri
1448 3089 1529 3149 docti
1549 3107 1603 3148 suo
1623 3088 1688 3148 iure
1710 3085 1868 3147 dubitave-

264 3200 344 3254 runt:
364 3194 473 3272 quibus
487 3195 638 3256 decausis
652 3195 789 3256 subsidia
804 3198 919 3270 critica,
936 3198 975 3257 ad
990 3197 1143 3258 Oamiouis
1168 3197 1279 3258 codicis
1305 3198 1516 3258 auctoritatem
1539 3201 1622 3256 recte
1647 3194 1865 3254 aestimandam

265 3301 444 3377 necessaria,
460 3322 520 3362 non
532 3304 632 3363 omnia
645 3302 734 3364 nobis
749 3304 780 3364 in
793 3310 934 3384 promptu
947 3311 1027 3364 sunt.

347 3407 430 3482 Quae
451 3429 519 3469 oum
539 3411 582 3468 ita
602 3411 663 3470 sint
684 3430 743 3470 non
763 3411 933 3472 mirandum
954 3413 1216 3489 estquaestionem
1237 3413 1275 3472 de
1295 3411 1448 3473 Carrionis
1470 3412 1573 3472 codice
1595 3411 1693 3472 adhuc
1722 3413 1867 3472 exsistere

265 3519 476 3593 gravissimam
496 3519 712 3596 maximamque
734 3520 814 3580 iuter
834 3521 916 3580 viros
938 3520 1043 3582 doctos
1066 3519 1159 3580 fuisse
1190 3519 1424 3590 dissensionem,
1446 3539 1573 3596 quorum
1602 3521 1777 3593 sententias,
1810 3542 1869 3598 quo

266 3623 363 3699 magis
377 3643 427 3684 res
446 3630 558 3704 pateat,
580 3625 685 3684 intres
699 3631 803 3704 partes
823 3645 890 3686 esse
912 3626 1138 3688 distribuendas
1152 3645 1269 3686 censeo.
1285 3625 1460 3703 Complures
1480 3624 1559 3685 enim
1581 3625 1662 3684 illum
1684 3624 1795 3686 librum
1816 3646 1869 3706 op·

266 3733 372 3792 timum
402 3733 654 3809 veterrimumque
687 3733 909 3806 iudicaverunt,
938 3753 1040 3812 eoque,
1068 3734 1096 3792 si
1128 3738 1319 3813 superesset,
1348 3733 1410 3794 solo
1445 3732 1653 3810 Argonautica
1682 3734 1867 3796 recensenda

266 3839 332 3901 fore
364 3838 505 3899 arbitrati
538 3846 628 3912 sunt,
665 3861 753 3918 quam
788 3843 957 3920 opinionem
990 3840 1056 3902 fere
1090 3859 1192 3902 omnes
1226 3841 1276 3918 qui
1310 3845 1380 3900 ante
1410 3839 1566 3900 'Philonem
1601 3839 1723 3901 Valerio
1757 3841 1868 3902 Flacco

266 3965 370 4006 curam
390 3965 569 4026 operamque
591 3947 741 4008 dederunt
761 3953 832 4007 sunt
853 3949 982 4027 amplexi
1003 3949 1099 4028 iisque
1119 3947 1347 4026 Eyssenhardt,
1369 3948 1536 4026 Meyncke,
1558 3949 1681 4026 Braun,
1704 3947 1866 4010 Loehbach

267 4053 345 4128 oiim,
366 4051 621 4131 Hirschwaelder,
642 4054 763 4113 Bonnet
785 4060 986 4114 aocemerunt
1009 4053 1046 4114 In
1067 4055 1248 4114 sententiam
1269 4059 1369 4114 autem
1389 4073 1512 4132 prorsus
1544 4055 1726 4113 contrariam
1745 4054 1866 4132 plurimi

267 4161 324 4220 viri
345 4161 426 4222 docti
447 4160 596 4221 abierunt.
617 4162 684 4220 Iam
705 4161 822 4241 pridem
844 4162 988 4222 Barthius
1009 4164 1034 4240 ²)
1055 4161 1230 4222 Carrionem
1251 4181 1319 4222 cum
1339 4163 1442 4222 codice
1470 4181 1586 4240 quoque
1605 4181 1660 4222 suo
1680 4161 1790 4240 ubique
1811 4161 1870 4222 sibi

267 4273 439 4347 suspectum
461 4287 527 4328 esse
548 4269 693 4328 docuerat
713 4276 744 4328 et
764 4269 959 4329 Weichertua
988 4269 1142 4329 Garriouis
1164 4268 1275 4330 librum
1293 4270 1382 4328 ullius
1402 4287 1470 4328 esse
1495 4269 1586 4348 pretii
1616 4277 1792 4346 negaverat:
1814 4270 1869 4330 sed

267 4376 354 4436 Thilo
376 4367 613 4436 codicem'illum
646 4377 677 4435 in
709 4376 799 4436 Italia
830 4375 947 4436 decimo
979 4377 1081 4453 quinto
1112 4377 1232 4438 sacerdo
1253 4397 1269 4437 e
1286 4376 1435 4436 Vaticano
1465 4376 1545 4436 8277
1577 4395 1644 4436 5885
1674 4352 1868 4455 descriptum,

267 4484 403 4560 quamvis
424 4482 535 4541 multas
555 4481 701 4541 Italorum
721 4482 923 4542 correctiones
945 4487 1087 4559 expertus
1108 4489 1204 4560 58855,
1227 4483 1344 4558 magnis
1365 4487 1609 4558 argumentorum
1630 4484 1789 4542 momentis
1810 4485 1872 4562 pri·

268 4609 334 4650 mus
355 4589 518 4661 contendit,
541 4591 663 4667 eiusque
684 4589 852 4668 opinionem
873 4587 1013 4665 Schenkl,
1036 4587 1206 4666 Loehbach,
1228 4589 1363 4666 Madvig,
1384 4589 1558 4666 Baehrens,
1582 4588 1732 4667 Gebbing,
1753 4591 1870 4665 Petere,

267 4694 361 4774 Bury,
384 4694 435 4753 alii
455 4696 551 4754 secuti
571 4699 651 4754 sunt.
672 4693 741 4754 Non
756 4695 830 4754 nulli
851 4694 979 4771 denique
999 4695 1168 4774 opinionem
1189 4695 1318 4754 mediam
1338 4703 1545 4755 servavenmt.
1560 4695 1603 4755 Hi
1617 4696 1696 4756 enim
1716 4697 1870 4758 Carrionis

269 4797 380 4858 librum
400 4805 508 4878 putant
528 4819 566 4860 ex
587 4801 689 4860 codice
710 4807 808 4860 ortum
828 4819 904 4878 5885,
927 4802 978 4876 551
999 4802 1064 4880 ipse
1085 4801 1207 4876 quidem
1228 4799 1398 4880 desumptus
1418 4803 1459 4859 sit
1479 4821 1516 4860 ex
1537 4801 1685 4862 Vaticano
1705 4802 1794 4878 3277,
1817 4802 1872 4862 855

269 4925 306 4964 ex
327 4907 422 4966 altero
442 4905 526 4966 fonte
548 4915 710 4985 correctus,
727 4909 854 4985 indeque
869 4909 899 4968 in
914 4907 1067 4970 Carrionis
1082 4909 1193 4980 codice,
1210 4909 1312 4968 multis
1326 4927 1399 4968 sane
1413 4909 1485 4968 locis
1500 4909 1686 4989 interpolate,
1703 4929 1761 4968 non
1775 4910 1872 4969 nullas

342 5058 362 5128 ¹)
382 5057 466 5112 Thilo
484 5063 515 5113 in
534 5063 595 5114 8518
613 5059 825 5132 prolegomenis
844 5067 936 5116 artem
957 5059 1182 5132 diplomaticam,
1202 5079 1289 5132 qnam
1307 5061 1592 5130 dicunt‚Garrionem
1611 5079 1715 5134 parum
1737 5061 1871 5119 calluisse

268 5159 400 5230 putavit,
418 5157 469 5212 sad
487 5162 561 5213 ratio
579 5157 727 5213 Carrionis
744 5159 781 5213 de
798 5157 948 5214 Censorini
967 5158 1064 5213 codice
1082 5175 1149 5214 eum
1168 5163 1198 5214 15
1217 5159 1324 5213 talibus
1342 5158 1458 5214 iudiciis
1481 5159 1625 5214 faciundis
1650 5165 1769 5214 cautum
1792 5164 1873 5215 titui-

269 5253 396 5326 dumque
414 5255 506 5311 fuisse
523 5255 712 5311 demonstrat,
805 5301 813 5312 .

339 5353 362 5426 1)
381 5353 424 5408 115
442 5353 589 5409 (18515518
607 5359 724 5440 ingenio
743 5355 939 5427 moribusque,
958 5365 1072 5430 praeter
1090 5355 1252 5422 Barthium,
1272 5356 1361 5411 Ianus
1379 5355 1562 5426 Guilielmus,
1576 5355 1787 5424 Broukhusius,
1801 5357 1869 5413 Sca-

267 5450 386 5521 ligeruS,
405 5451 598 5520 Burmannus,
618 5453 667 5506 alii
687 5457 808 5522 gravius
830 5453 1040 5509 iudicaverunt.
