4872 6432
875 593 1195 651 PROLEGOMENON
1215 595 1343 652 GAPVI'
1362 595 1397 651 V.
1894 595 1935 650 LI

327 753 417 818 ructa,
438 767 494 808 sua
508 747 586 808 dona
606 747 749 808 libentius
769 747 929 826 proferret.
943 747 1099 807 Postremo
1113 767 1158 824 ea,
1179 748 1307 825 quaeda
1321 746 1457 826 Absyrto
1477 745 1573 808 fratre
1587 747 1746 807 admodum
1761 748 1935 808 adulescen-

327 855 390 913 tulo
412 853 473 914 VII
488 855 549 916 340
569 854 679 915 Medea
699 855 784 926 dixit,
806 873 863 915 nec
885 854 1046 932 displicent
1059 873 1155 931 neque
1176 875 1244 914 cum
1265 854 1345 914 VIII
1359 856 1419 914 265
1430 873 1512 932 seqq.
1534 860 1691 934 pugnant:
1713 854 1761 915 cfr
1774 855 1803 914 V
1823 857 1883 914 457
1904 860 1936 915 51

327 960 373 1022 VI
396 963 461 1021 171.
484 962 593 1022 Restat
614 964 707 1042 igitur
727 971 762 1022 ut
781 963 820 1023 de
833 962 880 1022 VI
900 963 959 1022 507
981 963 1152 1040 loquamur:
1173 962 1312 1022 hocloco
1323 962 1461 1022 Valerius
1482 982 1585 1023 omnes
1604 962 1737 1022 Hiberos
1758 963 1870 1023 acriter
1891 963 1935 1023 51-

327 1071 473 1130 micantes
494 1069 620 1142 induxit,
636 1075 742 1130 contra
755 1089 790 1130 ex
804 1069 850 1128 VI
865 1070 926 1129 750
945 1087 1026 1146 seqq.
1049 1075 1175 1148 apparet
1194 1067 1334 1144 Hiberos,
1357 1089 1424 1128 cum
1445 1069 1573 1128 seriores
1594 1069 1634 1128 ad
1654 1089 1787 1148 pugnam
1806 1067 1936 1146 profecti

327 1183 445 1250 essent,
467 1175 545 1238 bello
566 1179 685 1238 omnino
713 1179 855 1238 caruisse.
879 1176 976 1249 Quam
996 1176 1189 1252 varietatem,
1211 1195 1280 1235 cum
1303 1175 1446 1235 audacius
1467 1176 1508 1234 511
1528 1175 1565 1236 55
1601 1177 1770 1255 corruptela
1792 1177 1934 1254 cogitare,

328 1282 408 1342 55115
428 1282 516 1342 modo
535 1284 685 1362 explicare
705 1301 827 1362 possum
847 1282 972 1360 ideoque
993 1282 1023 1340 15
1044 1281 1091 1340 515
1111 1279 1251 1341 versibus
1272 1285 1391 1360 poetam
1422 1279 1481 1340 sibi
1515 1301 1574 1340 non
1608 1282 1779 1342 constitisse
1799 1281 1936 1342 Petersio

326 1392 482 1450 assentior.

409 1497 498 1559 Nunc
512 1507 612 1559 autem
627 1499 665 1559 de
676 1499 792 1558 lacunis
806 1496 1013 1557 disserendum
1027 1505 1082 1574 est,
1098 1516 1172 1574 quas
1187 1498 1244 1576 ipsi
1261 1502 1367 1576 poetae
1382 1496 1560 1558 tribuendas
1575 1499 1633 1558 viri
1648 1497 1729 1558 docti
1744 1504 1934 1578 putaverunt,

330 1605 347 1664 I
368 1607 428 1664 348
448 1605 603 1666 Valerium
622 1605 723 1665 Iasoni
745 1605 828 1666 55115
847 1603 942 1664 verba
963 1603 1083 1664 dedisse
1097 1607 1166 1681 post
1180 1603 1286 1680 longos
1299 1608 1461 1680 parentum
1476 1622 1629 1663 sermones
1643 1603 1796 1664 Surmners
1810 1605 1936 1664 miratus

331 1719 387 1773 est:
409 1713 488 1791 quod
508 1733 568 1774 non
588 1711 1022 1793 probo.Nam1298,dum
1045 1712 1137 1771 ceteri
1161 1709 1323 1782 dormiunt,
1348 1711 1438 1770 Iason
1460 1731 1525 1770 cum
1556 1711 1732 1790 parentibus
1761 1712 1937 1788 colloquitur

329 1823 423 1897 iisque
445 1823 588 1881 solacium
610 1821 745 1901 praebet
767 1821 822 1880 sed
842 1819 899 1880 sub
922 1822 989 1900 ipsa
1008 1819 1194 1900 profectione
1209 1819 1281 1878 dum
1295 1819 1418 1896 Minyae
1432 1819 1492 1878 iam
1507 1821 1573 1878 vela
1587 1819 1732 1898 pandunt,
1746 1838 1842 1896 neque
1855 1821 1936 1896 quic-

329 1951 420 2008 quam
440 1932 499 1990 nisi
520 1930 612 1990 tubae
634 1930 749 1989 sonitus
770 1934 947 2008 expectatur
967 1949 1019 1990 eos
1041 1929 1152 1989 tacitus
1175 1929 1386 2007 amplectitur:
1407 1947 1464 2004 quo
1485 1929 1604 1988 51155115
1631 1928 1704 1988 51511
1725 1931 1835 2000 verius,
1861 1929 1937 1988 nihil

330 2039 407 2098 duce
428 2038 570 2116 dignius!
591 2057 687 2115 neque
709 2039 796 2098 aliter
817 2037 855 2096 de
877 2037 911 2096 Π
932 2037 993 2098 408
1014 2036 1184 2113 dicendum,
1196 2025 1249 2096 ubi
1268 2056 1328 2094 non
1342 2036 1424 2096 nulla
1438 2035 1584 2096 excidisse
1599 2037 1752 2097 Summers
1764 2035 1935 2112 affirmavit,

331 2143 441 2222 quibus
462 2145 580 2205 Iasonis
600 2145 765 2224 Hypsipyli
786 2146 941 2224 responsio
956 2146 1168 2204 contineretur:
1193 2149 1275 2204 recte
1297 2145 1376 2204 enim
1391 2143 1469 2204 hunc
1483 2145 1580 2204 locum
1595 2145 1754 2222 explicavit
1767 2144 1934 2218 Harmaud,

330 2251 418 2310 cuius
439 2250 535 2310 verba
556 2249 676 2310 adferre
697 2249 790 2310 llbet:
817 2253 940 2330 «ipse...
964 2249 1061 2327 heros,
1083 2255 1147 2310 tota
1167 2255 1267 2310 mente
1281 2252 1399 2329 Inopus
1424 2251 1573 2329 inceptum
1598 2248 1773 2310 incumbens
1787 2269 1842 2310 nee
1855 2252 1936 2327 quic·

332 2379 421 2435 quam
443 2360 501 2418 nisi
522 2359 611 2418 Ponti
635 2360 724 2418 litora
745 2365 775 2418 et
797 2379 919 2420 aureum
940 2361 1038 2420 vellus
1060 2366 1092 2419 et
1111 2366 1249 2420 recentes
1269 2361 1416 2419 sociorum
1438 2360 1586 2436 querellas
1601 2361 1631 2419 in
1646 2361 1744 2419 animo
1765 2379 1884 2438 gerens,
1898 2380 1936 2420 ne

332 2485 423 2524 unum
445 2465 565 2543 quidem
588 2466 713 2529 verbum
737 2467 867 2540 emittit;
889 2468 1015 2544 gravius
1035 2466 1091 2526 hoc
1112 2485 1185 2526 sane
1199 2474 1231 2526 et
1244 2465 1373 2526 nobilius
1386 2471 1433 2526 eat
1449 2467 1600 2526 silentium
1614 2491 1640 2525 2.
1655 2467 1728 2526 Post
1742 2467 1776 2526 H
1788 2467 1849 2526 328
1862 2473 1936 2526 tem·

332 2574 414 2651 poris
436 2574 525 2653 culpa
538 2575 587 2633 vel
604 2573 795 2634 librariorum
821 2575 989 2652 complures
1010 2593 1117 2633 versus
1138 2573 1328 2634 intercidisse
1343 2592 1410 2634 cum
1424 2572 1551 2632 Philone
1566 2574 1690 2650 aliisque
1704 2574 1826 2634 conieci:
1841 2593 1936 2651 neque

331 2681 412 2740 enim
435 2681 523 2741 deicit
546 2677 586 2761 [v.
609 2679 689 2762 3301,
713 2687 747 2739 ut
766 2680 904 2740 Koestlin
927 2680 1090 2756 contendit,
1116 2679 1155 2738 ad
1175 2679 1325 2740 Venerem
1346 2677 1453 2766 referri
1475 2677 1669 2757 5515510515
1684 2685 1785 2738 autem
1805 2699 1841 2739 aa
1861 2699 1937 2757 quse

334 2792 403 2866 post
424 2808 454 2846 v.
474 2786 536 2846 328
558 2784 735 2844 exciderunt
755 2785 933 2858 nesciamus,
946 2782 1065 2843 Philoni
1085 2785 1166 2844 nullo
1186 2784 1274 2844 modo
1294 2783 1405 2844 accedo
1425 2784 1564 2844 lacunam
1583 2790 1652 2862 post
1671 2783 1705 2844 11
1726 2786 1784 2846 331
1806 2787 1936 2865 ponenti.

335 2895 381 2954 IV
404 2895 465 2954 526
485 2900 518 2954 51
537 2893 583 2952 VI
604 2893 644 2952 38
668 2897 756 2971 poeta
776 2890 920 2952 brevitati
941 2892 1067 2951 studens
1088 2893 1183 2951 artius
1205 2911 1269 2951 rem
1290 2893 1435 2952 conclusit
1456 2893 1586 2969 itemque
1597 2891 1659 2952 VII
1675 2893 1733 2952 159
1748 2893 1872 2954 verbum
1893 2895 1938 2954 di·

334 3001 424 3062 cendi
448 3000 639 3062 subauditur.
660 3001 708 3059 De
728 2998 809 3086 vm
831 3000 889 3059 139
909 2999 984 3059 51511
1005 2999 1092 3058 addo:
1116 2999 1191 3060 bene
1211 3001 1291 3060 enim
1312 2997 1493 3060 sententiam
1514 3019 1617 3060 eorum
1631 3001 1682 3077 qui
1695 3005 1764 3080 post
1778 3001 1857 3062 hunc
1872 3021 1937 3061 ver-

329 3129 395 3169 sum
419 3109 557 3169 lacunam
579 3113 751 3168 statuerunt
772 3108 831 3166 iam
851 3109 948 3168 Meier
968 3106 1089 3168 refellit.
1113 3107 1199 3167 Inter
1220 3107 1299 3167 VIII
1322 3109 1380 3167 174
1401 3115 1432 3168 51
1453 3108 1511 3166 175
1533 3126 1676 3168 conexum
1704 3109 1810 3168 deesse
1830 3109 1937 3168 Petere

330 3219 459 3294 censuit,
472 3215 528 3276 sed
551 3235 658 3275 causas
677 3234 736 3275 non
758 3216 868 3276 attulit:
890 3215 962 3275 mihi
983 3215 1103 3293 quidem
1126 3216 1182 3276 hoc
1206 3235 1322 3292 quoque
1335 3217 1400 3276 loco
1414 3223 1497 3276 recte
1513 3217 1703 3276 55511555155
1717 3218 1937 3277 515551555155

329 3341 379 3380 res
395 3321 544 3382 videntur.
556 3321 660 3397 Neque
673 3340 744 3381 vero
752 3322 861 3382 melius
874 3341 907 3382 se
922 3321 1018 3383 habet
1032 3324 1110 3382 ratio
1125 3343 1160 3384 cx
1174 3323 1248 3383 locis
1263 3321 1448 3402 imperfectis
1460 3322 1561 3384 55515.
1570 3321 1657 3382 Haec
1670 3321 1790 3399 quidem
1804 3324 1938 3402 exempla

332 3436 558 3508 praetereamus
580 3427 619 3489 ab
642 3429 708 3489 aliis
728 3430 788 3488 iam
808 3431 883 3489 satis
903 3431 1072 3509 explicata:
1095 3431 1112 3489 I
1135 3432 1194 3490 774
1218 3429 1283 3512 {Ph
1305 3428 1463 3511 Wagnerl,
1485 3429 1519 3488 11
1551 3430 1610 3490 170
1631 3427 1802 3512 [Langen],
1824 3430 1857 3489 H
1880 3431 1937 3490 196

331 3535 494 3618 [Langen],
516 3535 562 3594 IV
586 3536 644 3594 662
668 3531 822 3615 [11555555
844 3533 873 3593 V
893 3534 952 3592 649
974 3532 1039 3616 [Ph.
1060 3533 1218 3617 Wagner],
1240 3535 1286 3594 VI
1309 3535 1369 3594 238
1391 3533 1614 3617 [Samuellson];
1637 3537 1751 3611 reliqua
1772 3542 1872 3597 autem
1893 3539 1937 3597 vi-

333 3646 475 3706 deamus:
498 3644 589 3702 1410
604 3642 679 3702 satis
694 3641 790 3700 audax
811 3639 868 3700 hcc
890 3641 955 3700 loco
975 3647 1023 3700 est
1043 3642 1221 3719 asyndeton,
1242 3642 1298 3701 sed
1317 3641 1397 3718 quod
1418 3640 1499 3719 apud
1514 3640 1668 3701 Valerium
1690 3641 1812 3704 defendi
1831 3645 1936 3722 possit.

334 3753 352 3812 I
373 3755 432 3813 529
454 3752 589 3812 55555115
609 3754 699 3827 poeta
711 3748 821 3807 Martis
846 3753 877 3807 51
897 3748 1022 3807 1555515
1043 3754 1074 3808 51
1093 3747 1228 3808 Palladis
1241 3750 1378 3826 querelas
1398 3745 1534 3808 breviter
1555 3751 1719 3829 expressit:
1742 3751 1820 3829 quod
1842 3753 1874 3810 ni
1894 3751 1937 3813 fe·

333 3862 426 3920 515551
439 3859 556 3936 longior
570 3854 678 3914 luisset
692 3873 845 3914 excursus.
860 3853 894 3912 11
908 3856 968 3914 316
982 3855 1080 3914 locum
1099 3855 1251 3933 plerisque
1272 3863 1445 3932 suspectum
1459 3856 1600 3932 varieque
1621 3863 1809 3936 temptatum,
1826 3863 1937 3938 partim

330 3989 368 4028 ex
389 3967 527 4028 codicum
550 3965 738 4040 auctoritate,
761 3964 874 4041 partim
895 3981 932 4021 ex
954 3964 1087 4022 virorum
1108 3961 1263 4022 doctorum
1288 3964 1460 4022 coniectura
1473 3965 1584 4041 optime
1603 3967 1742 4025 restitui:
1767 3968 1849 4027 nulla
1870 3968 1937 4028 ideo

331 4083 379 4136 551
400 4094 492 4136 cauea
513 4073 592 4151 quod
613 4073 651 4132 de
673 4071 788 4132 Valerii
809 4070 1002 4131 festinatione
1024 4073 1199 4148 cogitemus.
1221 4069 1255 4130 Π
1270 4071 1330 4130 480
1350 4073 1439 4132 ulmis
1459 4072 1621 4134 artificiose
1643 4093 1704 4134 rem
1727 4075 1791 4152 egit
1810 4075 1937 4154 Langen

335 4191 369 4245 ut
390 4186 488 4245 locum
509 4203 577 4243 esse
599 4181 809 4261 imperfectum
830 4182 991 4240 evinceret.
1007 4179 1147 4239 Valerius
1168 4181 1247 4239 enirn
1267 4201 1297 4240 v.
1318 4181 1377 4240 483
1398 4181 1536 4260 enallage
1549 4184 1666 4242 numeri
1689 4203 1761 4244 usus
1781 4192 1836 4262 551,
1858 4187 1937 4263 quod

337 4294 396 4352 iarn
417 4289 560 4367 Gebbing
581 4289 697 4348 statuit.
719 4287 865 4365 111311,
887 4289 913 4346 si
934 4307 962 4346 v.
985 4287 1044 4345 273
1071 4291 1142 4364 post
1162 4308 1191 4346 v.
1214 4287 1274 4346 310
1293 4289 1525 4366 transponimus,
1543 4294 1576 4348 ut
1596 4287 1684 4349 'Philo
1707 4292 1841 4364 conlecit,
1863 4296 1937 4354 nulli

334 4398 498 4477 suspicioni
518 4393 626 4456 obvius
648 4399 713 4453 est:
735 4412 862 4470 namque
883 4392 923 4451 ad
942 4411 1048 4452 verum
1068 4393 1186 4452 Iasonis
1207 4399 1334 4453 mortem
1355 4394 1443 4454 amici
1458 4397 1620 4455 maerentis
1642 4415 1749 4457 sensus
1769 4399 1886 4460 nobiles
1906 4407 1937 4461 et

332 4507 433 4564 luctus
452 4504 558 4580 plenos
578 4505 667 4580 poeta
687 4501 842 4578 expressit
858 4499 886 4557 V
900 4501 969 4558 308:
991 4504 1084 4558 totam
1104 4501 1356 4578 comparationem
1377 4520 1412 4560 ex
1432 4500 1522 4561 Hom.
1545 4501 1587 4560 H.
1609 4503 1640 4562 X
1662 4504 1681 4562 3
1703 4523 1784 4580 seqq.
1797 4505 1938 4567 Valerius

336 4609 474 4688 sumpsit,
496 4607 551 4666 sed
571 4605 642 4666 huic
661 4607 762 4666 versui
782 4604 856 4664 nihil
877 4606 907 4664 in
928 4605 1060 4665 Homero
1080 4606 1251 4684 respondet,
1273 4626 1333 4682 qua
1353 4626 1385 4666 re
1400 4606 1565 4686 Wagnem,
1588 4607 1776 4684 Schenkelio,
1800 4612 1866 4671 aliis
1887 4632 1937 4671 su-

333 4722 457 4796 spectus
472 4714 531 4775 luit
544 4714 584 4774 ad
599 4715 745 4791 aliamque
761 4714 852 4772 totius
866 4714 923 4773 loci
937 4713 1212 4792 conformationem,
1227 4734 1316 4790 quam
1330 4721 1419 4794 55515
1439 4716 1470 4774 15
1492 4717 1590 4776 animo
1612 4716 1771 4792 habuerat,
1785 4723 1938 4800 pertinere

328 4829 421 4889 visus
437 4830 500 4885 est:
525 4823 673 4881 immerito
687 4827 796 4897 tamen,
809 4839 877 4880 mea
889 4819 1009 4896 quidem
1024 4823 1183 4895 sententia,
1206 4823 1236 4880 in
1258 4821 1315 4882 hoc
1335 4841 1426 4882 versu
1447 4824 1598 4884 haeretur.
1613 4825 1753 4887 Valerius
1774 4832 1862 4909 enim,
1884 4850 1939 4892 suc

35 4953 37 5060 Ι
321 4939 456 5014 ingenio
478 4932 654 5008 obsequens,
676 4931 755 5008 quod
776 4935 929 4989 mut-uatus
949 4935 995 4989 est
1015 4949 1123 4990 ornare
1143 4934 1173 4988 et
1196 4929 1378 5008 amplificare
1394 4931 1478 4990 55151.
1500 4930 1529 4988 V
1544 4933 1604 4992 690
1626 4934 1794 5012 asyndeton
1815 4945 1939 5018 propter

322 5041 451 5102 Valerii
472 5040 581 5101 durum
602 5037 723 5099 dicendi
742 5057 839 5114 genus
858 5036 915 5096 hoc
934 5038 999 5096 loco
1020 5056 1135 5113 quoque
1149 5038 1286 5097 excusari
1300 5043 1408 5115 potest.
1424 5037 1470 5098 VI
1484 5039 1597 5100 31-32:
1619 5060 1725 5102 versus
1748 5063 1766 5102 5
1786 5047 1937 5124 plerisque

312 5169 427 5231 prave
448 5147 606 5220 immutati3
628 5165 682 5204 nos
703 5150 812 5217 autem,
834 5143 1004 5202 Delamallii
1025 5144 1250 5222 explicationem
1272 5145 1377 5220 555511,
1404 5145 1542 5205 codicum
1561 5148 1719 5209 lectionem
1741 5154 1937 5214 restituimus.

35 5278 53 5755 N
308 5258 413 5321 Nihil
429 5276 499 5316 vero
517 5260 564 5314 551
578 5275 632 5314 cur
646 5255 677 5312 in
693 5253 751 5312 11115
766 5249 905 5312 versibus
926 5249 1124 5328 offendamus,
1138 5252 1226 5310 immo
1247 5257 1337 5330 poeta
1357 5251 1527 5312 laudandus
1542 5254 1614 5314 mihi
1629 5255 1758 5330 videtur,
1775 5263 1825 5336 qui
1839 5264 1937 5341 splen.

312 5363 417 5427 didis
434 5361 612 5436 acribusque
627 5357 776 5420 coloribus
791 5358 921 5417 Martem
935 5377 1053 5436 pugnas
1067 5357 1177 5434 ubique
1191 5359 1370 5417 excitantem
1385 5357 1565 5437 depinxerit
1577 5361 1639 5423 VH
1654 5365 1693 5422 57
1708 5365 1795 5426 deest
1808 5387 1938 5429 conexus

308 5491 403 5535 eum
419 5487 498 5529 vers.
521 5487 621 5548 praec.
636 5476 667 5526 et
680 5487 771 5543 seqq:
793 5466 848 5526 sed
869 5465 935 5544 ipsa
955 5466 1170 5525 sententiarum
1181 5464 1408 5544 perturbatione
1423 5467 1554 5526 animum
1569 5469 1683 5530 Aeetae
1697 5473 1742 5532 ira
1759 5484 1938 5536 commotum

304 5578 472 5644 Valerius
495 5582 565 5656 apte
586 5575 777 5655 significavit.
798 5573 940 5633 1711572
962 5579 996 5631 51
1016 5573 1183 5632 5551551155
1204 5573 1251 5632 vis
1272 5574 1369 5651 magis
1391 5580 1538 5650 augeatur
1559 5577 1639 5636 idem
1657 5577 1774 5642 duobus
1799 5581 1938 5644 versibus

45 5782 74 6228 1
