4872 6432
524 439 622 494 XLVI
1056 438 1375 496 PROLEGOMENON
1395 439 1523 494 uvar
1542 441 1593 495 lv.

521 598 555 650 et
576 612 677 668 seqq:
699 591 926 671 praedicabant.
1009 593 1070 652 674
1091 594 1351 669 extremar-pudor
1370 592 1443 651 Pius
1466 593 1702 670 interpretatur:
1726 595 1823 673 pudor
1852 596 1901 670 qui
1930 596 2135 654 extremitates

522 699 612 759 faciei
633 707 812 778 pererraret.
836 701 898 760 Sed
918 701 973 762 hoc
997 702 1060 761 loco
1081 702 1178 781 pudor
1198 708 1348 760 exuemus
1370 701 1470 760 dictus
1491 707 1538 759 est
1558 721 1625 760 cum
1648 704 1734 780 virgo
1762 701 1848 762 brevi
1870 707 1951 762 esset
1972 703 2036 760 viro
2065 721 2132 760 suc-

522 807 663 866 cubitura
684 827 739 868 nec
759 817 865 887 postea
887 809 1080 870 erubesceret
1101 797 1303 891 [Burmannus
1324 816 1355 868 et
1377 808 1479 892 seqq.].
1563 812 1624 870 710
1645 811 1859 887 liquido-auro.
1883 811 1958 868 Auri
1985 810 2133 885 liquamen

523 937 582 994 quo
605 917 730 994 capillus
752 917 939 978 madefactus
961 919 1102 978 rutilatur
1123 939 1190 978 cum
1211 919 1266 976 Pio
1286 923 1317 977 et
1339 913 1420 994 seqqss
1446 919 1603 998 intellego:
1634 925 1740 978 contra
1767 919 1970 988 Burmannus,
1999 918 2132 995 Huguet.

525 1022 680 1082 Bendicho
701 1045 722 1100 y
745 1022 857 1102 Quilty,
879 1024 1006 1101 Langen
1027 1024 1065 1083 de
1086 1045 1158 1084 auro
1178 1025 1208 1082 in
1231 1030 1337 1084 tenues
1358 1026 1484 1084 laminas
1505 1029 1603 1084 tracto
1625 1025 1844 1103 cogitaverunt.

604 1129 671 1188 Lib.
694 1131 757 1190 VII
778 1133 816 1190 52
839 1130 877 1190 de
899 1133 1006 1209 piratis
1027 1134 1116 1192 etiam
1139 1131 1265 1191 hiberno
1285 1138 1420 1210 tempore
1440 1153 1495 1210 per
1517 1133 1613 1191 maria
1633 1133 1816 1212 vagantibus
1838 1134 1894 1193 hoo
1910 1109 1979 1192 'loco
1994 1131 2044 1210 agi
2057 1130 2134 1189 Bur·

525 1259 651 1298 mannus
673 1245 768 1317 putat.
791 1239 904 1298 Contra
924 1241 1012 1316 Pius,
1034 1240 1186 1318 Wagner,
1208 1241 1349 1317 Huguet,
1375 1239 1517 1317 Langen,
1541 1240 1591 1299 alii
1614 1240 1652 1298 de
1672 1239 1830 1319 naufragis
1850 1240 1948 1298 hieme
1969 1239 1999 1296 in
2021 1243 2131 1297 terram

525 1345 631 1402 eiectis
652 1350 683 1403 et
704 1345 880 1422 expoliatis:
903 1346 981 1422 quod
1005 1348 1090 1405 malo.
1173 1347 1267 1406 59-60
1287 1347 1344 1406 si...
1368 1348 1441 1408 latet
1463 1367 1522 1407 trau
1543 1347 1640 1407 nendo
1662 1346 1825 1423 quidplus
1843 1365 1944 1422 puppe
1964 1345 2042 1406 viris
2068 1342 2134 1401 Ma-

527 1453 625 1510 serius
646 1454 690 1512 sic
712 1455 859 1530 explicat:
882 1455 907 1512 si
929 1475 1023 1512 nares
1044 1474 1103 1514 una
1123 1455 1191 1533 plus
1214 1454 1331 1514 habetis
1353 1453 1461 1530 quibus
1481 1455 1606 1514 tentetis
1627 1455 1753 1514 insidias
1774 1458 1901 1513 struere.
1923 1453 2032 1512 Melius
2060 1450 2134 1508 Pius

526 1567 557 1618 et
577 1579 669 1636 seqq:
691 1561 716 1617 si
737 1562 768 1617 in
790 1581 849 1618 una
871 1561 929 1619 ista
950 1581 1026 1620 nave
1048 1562 1141 1620 lateat
1163 1563 1235 1637 quid
1255 1564 1323 1640 plus
1337 1563 1412 1622 viris
1427 1562 1604 1622 mortalibus
1619 1564 1728 1622 valeat.
1812 1563 1883 1621 vta
1898 1561 2000 1637 siquid
2023 1560 2054 1620 ia
2075 1561 2132 1619 siaiu

526 1675 569 1728 ast
589 1669 715 1729 robore:
736 1668 862 1746 Langen
885 1669 981 1728 locum
1003 1689 1062 1728 non
1083 1671 1229 1730 intellexit
1250 1671 1294 1730 sio
1316 1671 1489 1748 explicans:
1512 1671 1611 1747 siquid
1633 1671 1728 1730 divini
1751 1671 1852 1729 auxilii
1873 1675 1920 1728 est
1935 1671 1965 1728 in
1979 1669 2038 1727 ista
2052 1669 2133 1728 navi.

527 1777 642 1834 Sensus
663 1778 743 1834 enim
764 1783 828 1834 est:
852 1777 951 1852 siquid
972 1778 1036 1855 spei
1058 1779 1089 1836 in
1110 1779 1167 1836 isto
1189 1784 1240 1836 tuo
1262 1777 1369 1838 robore
1389 1783 1445 1852 est,
1467 1785 1500 1836 111
1520 1779 1602 1854 Pius,
1624 1779 1800 1853 Dolomene,
1823 1775 1961 1848 Carissin,
1985 1775 2132 1848 Lemaire,

526 1885 661 1960 Huguet,
683 1883 838 1943 Bendicho
858 1906 880 1962 y
902 1884 1015 1963 Quilty,
1037 1884 1108 1960 Leo,
1131 1887 1181 1944 alii
1203 1887 1401 1955 coniecerunt,
1486 1887 1524 1944 73
1546 1886 1693 1946 tenebris:
1713 1883 1795 1944 fumo
1817 1884 1932 1944 scilicet
1945 1882 2058 1965 [aazia
2073 1880 2133 1942 De·

525 1990 653 2066 lamalle,
677 1991 813 2061 Caussin,
836 1992 992 2052 Bendioho
1012 2013 1033 2070 y
1054 1992 1169 2073 Quilty,
1192 1992 1354 2075 Gebbingl.
1376 1995 1456 2052 Male
1479 1993 1617 2069 Wagner
1638 1993 1675 2052 de
1696 1990 1831 2052 tenebris
1852 1994 1949 2050 noctis
1978 1991 2132 2068 cogitavit.

608 2101 702 2159 84-85
724 2100 771 2158 hia
794 2100 931 2160 versibus
952 2103 1029 2159 mira
1050 2108 1096 2160 est
1117 2102 1277 2161 lectionum
1291 2103 1433 2173 varietas,
1449 2102 1503 2160 sed
1518 2101 1656 2160 codicum
1669 2102 1821 2179 scriptura
1841 2120 1900 2159 non
1921 2107 1968 2158 est
1988 2100 2133 2159 vexanda.

525 2213 603 2268 Arce
624 2209 655 2266 id
677 2214 724 2267 est
745 2210 827 2267 caelo
849 2206 985 2289 [Caussin
1009 2217 1040 2269 et
1061 2207 1206 2292 Langen],
1229 2229 1287 2268 non
1309 2211 1385 2268 turri
1407 2207 1577 2290 [Maserius
1601 2209 1683 2282 Pius,
1699 2209 1899 2284 Burmannus,
1914 2208 2048 2284 Huguet,
2061 2206 2132 2289 aliil.
2181 2278 2184 2284 Ι

604 2314 644 2372 88
666 2317 766 2375 oblatu
790 2316 939 2390 consurgit
962 2317 999 2374 ab
1022 2318 1083 2376 ullo
1106 2321 1187 2375 recte
1202 2316 1369 2376 Delamalle
1391 2321 1421 2376 et
1442 2317 1568 2394 Langen
1583 2315 1775 2392 interpretati
1795 2321 1884 2373 sunt:
1907 2315 2000 2373 81111111
2021 2313 2134 2391 rumpit

524 2421 685 2478 silent-ium.
708 2420 876 2498 Explicatio
898 2429 997 2481 autem
1017 2424 1143 2499 vulgata
1163 2424 1206 2480 ita
1227 2443 1259 2481 se
1281 2421 1392 2481 habet:
1414 2423 1515 2481 oeulos
1535 2423 1593 2482 huc
1614 2441 1708 2497 usque
1729 2423 1759 2479 in
1780 2427 1893 2480 terram
1913 2420 2025 2480 defixos
2045 2421 2132 2480 tollit.

608 2529 665 2585 103
687 2529 799 2589 aredius
820 2528 897 2589 inter
917 2530 1035 2590 deamo
1053 2538 1214 2606 porcaster:
1234 2531 1345 2608 optime
1367 2537 1448 2589 totus
1469 2531 1552 2590 locus
1573 2533 1618 2590 sic
1638 2531 1823 2607 explicatur:
1838 2531 1974 2604 quamvis
1988 2531 2067 2588 inter
2080 2549 2132 2607 pa.-

522 2643 624 2695 rentes
647 2635 733 2712 virgo
755 2637 818 2694 sola
838 2637 896 2696 sibi
919 2639 1039 2696 videtur
1060 2638 1205 2715 relinqui,
1228 2639 1403 2700 discedente
1425 2641 1474 2698 illo
1495 2640 1545 2714 qui
1567 2640 1625 2698 iam
1647 2645 1712 2698 tum
1739 2639 1799 2716 ipsi
1826 2643 1874 2696 est
1900 2657 1977 2695 unus
2002 2621 2140 2695 oxnnium

527 2745 591 2803 loco
612 2740 789 2824 [Delamalle
811 2752 842 2804 et
863 2745 965 2827 seqq.].
987 2747 1048 2805 Alii
1071 2747 1159 2806 aliter
1179 2748 1296 2808 deserta
1312 2749 1558 2824 interpretantur.
1573 2747 1741 2806 Maserius:
1756 2746 1878 2804 deserta
1892 2766 1909 2803 a
1923 2744 2040 2816 Iasone;
2054 2743 2133 2802 Bur-

525 2872 670 2914 mannus:
693 2855 847 2926 1188111118,
871 2856 1048 2934 desperata;
1071 2858 1228 2935 Wagner:
1249 2860 1344 2938 inope.
1430 2861 1487 2918 109
1510 2859 1547 2918 de
1568 2859 1657 2918 huius
1677 2877 1784 2919 versus
1806 2859 1956 2917 sententia
1978 2860 2035 2917 viri
2051 2859 2130 2916 docti

525 2969 604 3028 inter
625 2991 658 3030 se
679 2990 737 3029 non
759 2969 957 3029 consentiunt.
978 2970 1080 3045 Buni0,
1103 2969 1249 3047 Wagner,
1270 2970 1446 3046 Delamalle,
1467 2970 1602 3046 Huguet,
1623 2967 1811 3045 Bendiohoy
1826 2968 1950 3047 Qttilty:
1967 2969 2133 3046 cupiditate

525 3079 666 3136 Iasonem
687 3077 830 3151 sequendi
852 3077 960 3136 Medea
980 3077 1100 3154 flagrat.
1122 3077 1280 3153 Maserius,
1303 3077 1385 3148 Pius,
1407 3077 1609 3152 Burmannus,
1624 3077 1830 3137 Pindemonte.
1846 3075 1982 3152 Caussin,
1997 3075 2132 3153 Langen:

525 3183 615 3240 simul
637 3203 703 3241 cum
725 3182 834 3240 Iasone
855 3182 975 3240 domum
996 3187 1026 3240 et
1048 3183 1167 3240 ianuam
1188 3182 1351 3259 procedere
1372 3189 1457 3260 optat
1476 3201 1514 3241 ne
1536 3201 1689 3242 amorese
1717 3189 1879 3260 conspectu
1907 3182 2027 3240 anrittat
2054 3201 2132 3240 suos.

525 3291 581 3349 Pio
604 3289 735 3349 libenter
756 3291 875 3349 accedo.
960 3291 1018 3348 119
1041 3292 1159 3368 qaaerit
1180 3311 1239 3349 non
1261 3311 1363 3350 secum
1384 3290 1542 3372 [Caussin],
1565 3292 1619 3350 sed
1641 3311 1676 3350 ex
1697 3311 1799 3350 sorore
1820 3290 1968 3373 [Wagner
1986 3298 2017 3349 et
2031 3289 2134 3372 seqq.].

610 3398 665 3454 161
690 3397 827 3472 deceptu:
851 3396 889 3454 de
910 3396 1026 3455 Iasonis
1049 3415 1148 3456 amore
1170 3397 1352 3475 desperabat
1372 3396 1575 3479 {Burmannus
1596 3405 1627 3457 et
1647 3395 1804 3479 Wagnerl.
1822 3397 1901 3455 Male
1921 3396 1995 3455 Pius
2016 3405 2047 3455 et
2068 3397 2133 3454 Ma·

524 3509 642 3562 serius:
676 3504 848 3562 crediderat
880 3504 1024 3562 Iunonem
1055 3503 1149 3562 fuisse
1181 3503 1372 3582 Chalciopen.
1467 3507 1524 3564 180
1556 3506 1680 3578 fundae
1709 3505 1814 3564 taedas
1842 3505 1926 3561 avaria
1956 3504 2133 3581 explicatur.

522 3615 612 3673 Pius:
642 3613 788 3672 ventilare
819 3613 941 3684 taedas;
974 3613 1139 3671 Maserius:
1171 3611 1291 3671 abunde
1318 3611 1430 3671 offerre
1452 3619 1483 3671 et
1503 3611 1650 3691 praebere
1679 3619 1730 3670 aut
1758 3611 1956 3687 liquefacer03
1985 3611 2132 3687 Wagner,

524 3723 661 3794 Caussin,
685 3721 828 3799 Huguet:
851 3719 995 3778 adhibere
1016 3721 1111 3778 multa
1131 3719 1289 3780 taedarum
1311 3721 1441 3792 lumina;
1463 3721 1664 3791 Burmannus,
1686 3720 1788 3796 Buzio,
1807 3720 1982 3794 Delamalle,
1997 3720 2133 3795 Langen:

526 3829 654 3887 fundere
676 3829 788 3886 lumina
809 3827 974 3886 taedarum.
996 3826 1185 3886 Postremum
1206 3828 1292 3886 malo.
1376 3828 1435 3886 209
1456 3847 1546 3887 curus
1558 3846 1567 3885 .·
1588 3847 1705 3886 amores
1725 3847 1841 3906 nempe.
1863 3827 2056 3904 Ineptissime
2072 3828 2133 3886 Bu-

524 3941 608 3997 laeus
629 3955 698 3995 ossa
719 3936 873 3995 intellexit.
935 3935 1173 4008 ,1241111181
1194 3935 1249 3995 hoc
1270 3937 1334 3996 loco
1356 3955 1413 3994 non
1434 3943 1481 3996 est
1502 3936 1661 4013 genetivus
1682 3933 1766 4016 [Pius
1787 3941 1818 3994 81
1837 3933 2055 4016 Pindemontel,
2078 3935 2132 3994 sed

524 4046 647 4104 dativus
669 4042 871 4125 [Burmannus
892 4049 921 4100 et
943 4040 1047 4124 seqq.].
1130 4044 1191 4102 238
1211 4063 1335 4119 magnae
1356 4045 1534 4105 Perseidos:
1557 4045 1594 4103 de
1615 4045 1671 4104 hac
1693 4043 1805 4104 semina
1825 4045 1905 4102 inter
1927 4047 2007 4102 viros
2028 4044 2133 4103 doctos

523 4173 582 4212 non
606 4153 754 4212 convenit.
776 4151 849 4209 Pius
871 4157 996 4209 matrem
1018 4151 1186 4227 intellegit:
1209 4151 1358 4210 Maserius
1380 4158 1411 4211 et
1431 4152 1629 4211 Pindemonte
1650 4153 1769 4226 aviam,
1790 4151 1929 4229 Wagner
1950 4157 1980 4209 et
2008 4150 2134 4229 Huguet

524 4261 642 4332 Circam
658 4259 736 4317 malo
747 4258 867 4333 quidem
879 4279 947 4317 uum
961 4258 1107 4317 Caussino
1123 4264 1153 4316 et
1167 4259 1311 4334 Langeno
1325 4259 1363 4318 de
1377 4259 1494 4318 Hecate
1510 4262 1653 4336 cogitare.
1735 4261 1795 4319 260
1809 4261 1969 4334 sapientem
1985 4261 2133 4318 immerito

523 4365 625 4422 multis
647 4370 828 4442 suspectum.
849 4363 969 4422 Nautae
990 4364 1121 4422 nondum
1143 4383 1225 4422 oram
1247 4366 1408 4441 solverant,
1423 4366 1477 4424 sed
1499 4368 1558 4424 iam
1572 4365 1677 4442 fugam
1690 4366 1849 4444 parabant.
1932 4366 1992 4424 285
2007 4367 2130 4440 vulgata

522 4473 658 4551 plerique
680 4491 773 4550 prave
794 4473 998 4530 immutarunt.
1021 4473 1141 4550 Optime
1163 4475 1241 4531 enim
1262 4473 1388 4552 Langen
1410 4475 1592 4552 explicavit:
1623 4476 1731 4552 vulgo,
1763 4477 1793 4533 in
1820 4473 1940 4551 publico
1967 4474 2130 4551 proposita:

524 4583 622 4641 minus
643 4589 725 4641 recte
746 4581 914 4659 Meyncke:
937 4601 1092 4660 suspensa,
1113 4583 1284 4661 prostituta.
1367 4585 1427 4642 302
1449 4585 1532 4643 locus
1553 4584 1794 4660 obscurissimus,
1816 4583 1872 4642 sed
1893 4583 2027 4643 codicum
2042 4583 2133 4641 leutio

523 4709 581 4746 :ron
603 4694 650 4747 est
671 4687 824 4746 vexanda:
847 4689 1044 4765 explicatione
1066 4690 1154 4758 enim,
1176 4709 1234 4748 non
1256 4691 1427 4748 coniectura
1448 4709 1522 4767 opus
1543 4697 1598 4749 est.
1626 4691 1764 4749 Koestlin
1794 4709 1905 4748 cornua
1933 4689 2058 4748 Penthei
2088 4688 2132 4744 in-

524 4797 651 4873 tellegit,
667 4797 722 4854 sed
735 4816 892 4874 perperam
907 4817 913 4853 :
929 4797 984 4856 hoc
999 4797 1061 4855 loco
1076 4797 1153 4856 eninr
1168 4797 1206 4855 de
1222 4798 1362 4857 cornibus
1377 4800 1471 4876 ipsius
1486 4798 1600 4857 Bacchi
1615 4799 1724 4874 agitur.
1739 4798 1860 4870 insectis
1873 4815 1882 4856 .·
1896 4799 2000 4856 tinctis
2014 4815 2130 4875 nempe,

523 4911 558 4963 ut
580 4905 707 4964 Caussin
728 4906 843 4963 statuit.
868 4905 1000 4964 Ornatus
1013 4905 1128 4964 Bacchi
1142 4907 1286 4984 pingit-ur,
1300 4909 1350 4982 qui
1366 4909 1493 4966 vittatus
1508 4913 1574 4966 erat
1589 4927 1670 4966 more
1685 4906 1854 4965 sacrificali.
1936 4907 1997 4964 304
2011 4907 2130 4966 1110118111

524 5013 634 5088 occipit
655 5015 773 5072 hastam
797 5019 878 5070 recte
900 5011 1045 5070 Caussin:
1068 5013 1206 5088 thyrsum
1220 5014 1320 5070 sumit.
1336 5013 1528 5072 Burmannus
1543 5021 1574 5070 et
1589 5033 1669 5088 seqq.
1682 5034 1688 5070 :
1703 5013 1790 5071 hasta
1806 5014 1988 5072 vulneratur.
2071 5009 2132 5068 315

524 5119 704 5180 sueri-asima
717 5138 725 5178 .·
747 5120 883 5193 Caussin,
906 5119 1051 5194 Lemaire,
1074 5119 1199 5194 Huguet
1221 5120 1260 5178 od
1281 5119 1464 5178 subaudiunt
1486 5121 1528 5178 ita
1550 5121 1752 5198 explicantes:
1773 5120 1877 5178 Pelian
1900 5117 1938 5175 ad
1954 5117 2131 5176 saevissima

525 5229 674 5305 supplicia
694 5229 799 5305 poscit.
823 5226 884 5285 Sed
905 5227 1010 5284 melius
1024 5234 1071 5285 est
1084 5227 1262 5286 saevissima
1278 5227 1317 5284 ad
1333 5227 1471 5285 Medeam
1488 5225 1611 5296 referre,
1631 5234 1664 5285 ut
1677 5226 1773 5285 Buzio
1788 5233 1818 5284 et
1833 5245 1913 5300 seqq.
1930 5227 2131 5284 coniecerunt.

603 5338 663 5394 335
685 5336 799 5410 colligit
822 5336 886 5395 irus
906 5335 1097 5393 Burmannus
1119 5341 1150 5393 81
1171 5355 1251 5410 seqq.
1274 5337 1317 5394 sio
1333 5337 1590 5414 interpretantur:
1606 5355 1639 5394 se
1654 5335 1692 5393 ad
1709 5334 1894 5393 moriendum
1909 5335 2028 5392 excitat.
2045 5332 2132 5403 Quod

526 5467 584 5504 111111
608 5444 715 5522 placet.
737 5443 831 5501 Recte
854 5444 931 5500 euim
946 5442 1134 5520 Berulichoy
1152 5443 1255 5519 Qllilty
1270 5451 1300 5500 et
1314 5443 1438 5515 Langen
1453 5464 1459 5500 :
1475 5443 1594 5500 cohibet
1611 5443 1696 5501 iram.
1778 5442 1837 5500 345³
1854 5442 1951 5500 achior
1966 5443 2013 5498 vel
2033 5447 2132 5498 aetate
