4872 6432
537 449 671 505 XXXVI
1066 449 1386 506 PROLEGOMENON
1402 451 1529 506 OAPVT
1548 451 1603 505 ΙΙΙ.

540 603 583 676 Μ,
598 624 653 666 555
662 603 811 680 prodita&
825 605 883 663 361
899 605 998 664 silicet
1010 604 1049 682 V,
1064 605 1178 665 scilicet
1199 603 1256 676 Ox,
1277 603 1366 666 silet*
1380 605 1422 676 Μ;
1437 605 1498 663 474
1513 607 1609 666 lactus
1621 604 1660 680 V,
1677 607 1758 666 latus
1771 604 1825 682 Ox,
1841 606 1938 666 iactas
1951 607 1993 676 M,
2016 605 2141 679 laelua*;

538 711 595 770 681
618 713 677 773 soli
698 711 728 771 V
743 711 798 782 Ox,
820 711 917 772 salis*
938 712 980 771 Μ.
1003 711 1049 772 IV
1069 714 1109 771 45
1129 711 1298 790 fetumque*
1319 712 1348 771 V
1370 712 1426 788 Ox,
1451 714 1606 790 securaque
1627 714 1669 786 M;
1692 714 1731 772 74
1752 711 1904 774 cronica*
1923 711 1953 771 V
1975 712 2031 786 Ox,
2052 732 2142 774 5555-

538 823 594 877 lam
616 819 658 891 M;
684 818 722 877 76
744 818 871 879 honore*
892 817 921 877 V
944 817 1001 890 Ox,
1024 837 1124 879 amore
1144 819 1187 891 M;
1210 818 1267 877 113
1290 818 1393 878 miseri
1413 817 1441 876 V
1465 817 1519 890 Ox,
1540 818 1652 878 mismo
1666 818 1708 895 M,
1731 817 1878 891 miscris*;
1902 819 1960 878 159
1980 819 2093 880 5555ῐεῦ
2113 821 2142 880 V

539 925 596 1002 Ox,
618 927 713 988 nostis
734 927 776 1000 M;
801 927 859 987 185
881 928 996 988 medius
1015 926 1045 986 V
1060 926 1116 1004 Ox,
1138 927 1241 987 medus
1261 928 1304 1000 M,
1325 927 1424 987 madia
1441 927 1468 1000 ἦ
1493 927 1550 986 195
1566 947 1650 988 amar
1663 926 1703 999 V,
1718 947 1812 988 amera
1827 926 1883 999 Ox,
1899 948 2001 1004 555555
2022 929 2064 1004 M,
2080 950 2142 988 aar·

538 1054 602 1094 aena
617 1032 644 1108 ἦ
669 1033 727 1092 199
749 1040 780 1094 at
799 1033 817 1070 ἕ
830 1033 859 1092 V
874 1034 928 1110 Ox,
951 1041 978 1095 et
999 1035 1041 1108 M3
1063 1035 1122 1093 252
1145 1035 1277 1109 urgeatis
1291 1033 1309 1069 *
1324 1033 1352 1092 V
1368 1033 1423 1112 Ox,
1446 1035 1572 1110 ingratis
1592 1035 1635 1093 M.
1662 1035 1721 1093 His
1741 1052 1857 1110 quoque
1877 1035 1951 1094 locis
1972 1035 2044 1110 quin
2065 1033 2141 1094 Oxo-

538 1142 651 1200 5155515
672 1142 722 1202 vel
742 1143 910 1220 scripturas
931 1141 1145 1219 Sangallensis,
1169 1161 1187 1200 a
1207 1143 1380 1202 Matritensi
1397 1145 1480 1203 varis
1496 1144 1678 1219 immutatas,
1694 1141 1840 1220 praebeat
1854 1143 1901 1202 vel
1915 1142 2038 1219 propius
2052 1161 2141 1218 quam

540 1246 729 1305 Matritensis
751 1247 789 1306 ad
812 1247 1010 1327 archetypum
1031 1247 1157 1308 accedat
1176 1249 1390 1326 5555555555
1411 1248 1603 1308 dubitemus:
1625 1268 1702 1324 quae
1723 1268 1791 1308 cum
1805 1249 1848 1306 ita
1861 1248 1923 1306 sint
1943 1246 2141 1307 Oxonienaem

539 1355 750 1414 aMatritensi
772 1356 853 1415 nullo
873 1355 961 1417 modo
981 1357 1114 1434 pendere
1134 1376 1189 1434 pro
1210 1362 1293 1416 certo
1313 1355 1419 1417 habeo.
1441 1357 1560 1416 Deinde
1592 1356 1726 1416 codicem
1757 1353 1990 1414 Ottobonianum
2012 1360 2044 1412 et
2064 1351 2141 1412 Oxo-

539 1462 674 1520 niensem
696 1463 848 1521 artissima
869 1465 1047 1540 cognatione
1067 1465 1147 1524 inter
1167 1484 1201 1524 se
1221 1484 1346 1524 conexos
1361 1483 1428 1524 esse
1449 1465 1583 1542 quisquis
1598 1482 1656 1522 uon
1671 1463 1769 1522 nullas
1789 1463 1945 1537 utriusque
1965 1459 2036 1519 libri
2047 1460 2141 1537 scrip-

407 1549 414 1562 ¹
520 1574 622 1630 'turae
645 1572 805 1631 contulerit
825 1575 901 1632 satis
922 1581 1114 1653 perspectum
1134 1575 1269 1636 habebit.
1290 1575 1400 1636 Paucis
1421 1577 1515 1655 igitur
1536 1575 1680 1654 exemplis
1702 1593 1765 1634 rem
1786 1574 1950 1653 expediam:
1983 1573 2081 1631 1498
2100 1573 2141 1632 si·

538 1679 628 1738 dorca
647 1677 676 1737 V
691 1679 733 1751 M,
754 1680 857 1739 sidera
872 1679 920 1739 Ox
940 1680 1013 1754 Ott.;
1036 1682 1093 1740 521
1117 1683 1221 1744 adnuit
1241 1682 1270 1740 V
1284 1683 1327 1759 M,
1350 1683 1475 1743 audiant
1497 1682 1545 1743 Ox
1566 1682 1639 1756 Ott.;
1655 1681 1713 1740 583
1728 1685 1881 1742 Acamans
1894 1679 1932 1756 V,
1947 1681 2084 1740 Adamas
2097 1679 2140 1750 M,

539 1785 655 1848 Amana
676 1786 722 1846 Ox
743 1786 816 1862 Ott.;
839 1788 898 1847 597
916 1791 1077 1865 proturbat
1097 1790 1126 1849 V
1139 1791 1181 1868 M,
1200 1793 1344 1868 patrabat
1366 1790 1412 1851 Ox
1434 1790 1507 1864 Ott.;
1530 1791 1591 1850 668
1610 1791 1695 1866 regio
1716 1789 1744 1848 V
1760 1790 1803 1861 M,
1824 1789 1905 1864 rapio
1928 1787 1975 1848 Ox
1996 1786 2059 1846 055
2075 1787 2140 1846 Π9

536 1895 683 1970 patalam
705 1915 794 1970 aquea
813 1895 850 1973 V,
870 1899 985 1974 pabala
1007 1917 1126 1974 maanes
1146 1899 1189 1970 M,
1207 1901 1323 1975 pabula
1345 1919 1433 1975 55555
1455 1898 1502 1959 Ox
1524 1897 1598 1972 Ott.;
1623 1900 1658 1957 11
1682 1897 1781 1972 myria
1802 1897 1839 1974 V,
1862 1899 1956 1971 anglia
1983 1897 2025 1966 M,
2054 1895 2140 1956 mitia

540 2001 585 2061 Ox
607 2001 681 2076 oa,
703 2003 742 2062 32
764 2004 873 2065 iniecta
893 2003 931 2081 V,
954 2005 1099 2066 {nontam
1120 2006 1163 2078 M,
1184 2006 1322 2067 iniectam
1345 2006 1392 2067 Ox
1414 2006 1488 2080 Ott.;
1517 2009 1556 2066 49
1582 2007 1744 2081 deriqirnus
1763 2005 1799 2076 V,
1819 2009 1973 2082 pergimus
1993 2004 2035 2080 M,
2067 2003 2141 2063 airi-

537 2111 635 2184 55555
656 2111 702 2170 Ox
723 2110 796 2186 Ott.;
818 2113 856 2172 57
878 2115 970 2174 rabor
990 2113 1074 2192 VM,
1096 2116 1188 2175 robur
1209 2113 1256 2174 Ox
1278 2114 1351 2190 Ott.;
1374 2115 1606 2177 taratantara
1626 2115 1663 2186 V,
1684 2115 1868 2174 saltantibus
1888 2114 1930 2182 M,
1961 2111 2141 2173 athlantidis

541 2217 587 2277 Ox
611 2216 685 2293 Ott.;
707 2220 765 2278 267
789 2220 898 2280 tacitas
917 2219 956 2293 V,
977 2227 1079 2281 tantas
1098 2222 1140 2293 M,
1164 2229 1249 2283 tauta
1272 2221 1318 2282 Ox
1339 2223 1412 2297 Ott.;
1434 2223 1493 2282 437
1516 2223 1674 2300 adytisque
1694 2221 1778 2292 VM,
1801 2221 1980 2296 additusque
2000 2216 2045 2277 Ox
2067 2216 2140 2288 055;

538 2328 600 2386 464
620 2329 746 2402 ficariae
766 2328 849 2400 VM,
870 2329 995 2403 [lamina
1016 2329 1064 2390 Ox
1085 2330 1159 2404 Ott.;
1181 2331 1241 2390 589
1262 2332 1431 2409 vittataque
1451 2331 1489 2405 V,
1510 2333 1682 2408 violataque
1703 2331 1745 2402 M,
1768 2331 1925 2406 vitataque
1945 2326 1991 2387 Ox
2005 2327 2069 2387 Ott.
2083 2331 2140 2386 etc.

541 2433 602 2494 Sed
617 2435 673 2494 hoc
688 2436 909 2496 recordandum
923 2443 970 2496 est
983 2443 1109 2514 utroque
1130 2439 1233 2500 codice
1252 2445 1374 2520 praeter
1387 2441 1594 2516 Argonautica
1609 2439 1675 2497 Silii
1689 2439 1788 2498 Italici
1802 2438 1918 2496 Punica
1937 2454 2053 2512 quoque
2074 2453 2143 2494 con-

540 2544 639 2618 tineri;
653 2544 712 2604 huc
727 2544 846 2604 accedit
866 2545 946 2621 quod
966 2566 1026 2605 non
1039 2548 1113 2606 nulli
1134 2548 1287 2608 scribendi
1308 2569 1435 2626 errores,
1457 2550 1579 2624 reliquis
1600 2548 1715 2607 Valerii
1735 2547 1839 2606 Flacci
1860 2544 2015 2604 codicibus
2035 2544 2141 2623 ignoti,

542 2651 703 2712 Oxoniensi
724 2671 792 2711 cum
814 2651 1016 2714 Ottoboniano
1037 2675 1207 2716 communes
1226 2663 1306 2718 sunt.
1329 2658 1445 2731 Quibus
1466 2659 1504 2717 55
1526 2659 1624 2718 causis
1658 2657 1785 2716 alterum
1815 2661 1914 2713 utrum
1943 2652 2077 2712 codicem
2104 2671 2142 2709 ex

540 2760 635 2818 altero
657 2759 841 2838 descriptum
862 2781 929 2822 esse
949 2765 1024 2823 satis
1044 2765 1146 2842 liquet,
1168 2767 1223 2825 sed
1244 2773 1312 2826 uter
1333 2787 1369 2826 ex
1388 2774 1457 2826 utro
1477 2766 1597 2826 fluxerit
1617 2765 1832 2845 perobscurum
1853 2769 1909 2823 est.
1923 2761 2000 2822 Ram
2021 2761 2141 2838 quidem

541 2867 572 2926 in
593 2866 692 2927 medio
714 2866 806 2926 Clark
825 2869 954 2945 reliquit,
976 2871 1031 2930 555
1052 2877 1153 2932 tamen
1173 2875 1351 2951 opinionem,
1373 2893 1432 2951 qua
1452 2874 1546 2933 codex
1577 2873 1756 2933 Oxoniensis
1786 2873 1869 2950 prior
1896 2871 2030 2930 creditus
2051 2871 2141 2936 esset,

537 2994 598 3034 non
619 2995 757 3053 prorsum
778 2976 966 3037 abiciendam
988 2979 1105 3038 censuit
1125 2979 1211 3054 eique
1231 2979 1318 3057 Bury
1339 2997 1480 3038 assensus
1500 2985 1556 3051 est,
1579 2979 1659 3055 quod
1679 2979 1789 3037 nollem
1809 2977 1932 3037 factum.
1965 2975 2040 3035 Cum
2062 2975 2141 3033 enim

541 3099 601 3140 non
616 3082 698 3140 nulla
718 3083 860 3159 graviora
880 3081 1034 3142 scribendi
1054 3085 1137 3155 vitia,
1159 3105 1248 3161 quam
1262 3105 1338 3160 quae
1353 3084 1494 3145 librarius
1510 3084 1656 3157 indoctus,
1671 3085 1767 3160 qualis
1781 3082 2016 3145 Ottcbonianum
2037 3101 2142 3140 exara-

538 3189 627 3262 verit,
650 3189 810 3248 emendare
831 3191 964 3267 potuerit
984 3191 1014 3249 in
1035 3189 1092 3250 hoo
1114 3192 1216 3252 codice
1247 3191 1368 3252 sublata
1399 3193 1479 3269 sint,
1502 3191 1701 3252 Oxoniensem
1731 3211 1768 3250 ex
1791 3188 1993 3250 Ottoboniano
2019 3187 2141 3248 fluxisse

539 3292 755 3354 verisimilius
778 3295 907 3356 videtur:
929 3295 984 3355 sed
1004 3295 1078 3354 nihil
1098 3296 1137 3355 55
1151 3296 1207 3356 555
1221 3303 1329 3356 statuo.
1350 3297 1502 3374 Fortasse,
1518 3299 1677 3375 scripturis
1697 3299 1852 3373 utriusque
1873 3295 1986 3356 codicis
2006 3313 2082 3372 quae
2103 3293 2142 3353 ad

539 3405 646 3466 Silium
660 3389 800 3466 Italicum
821 3406 975 3486 pertinent
996 3405 1158 3482 diligenter
1173 3407 1362 3485 comparatis,
1386 3409 1520 3484 quaestio
1542 3407 1581 3466 ad
1602 3408 1713 3466 exitum
1727 3406 1836 3465 deduci
1849 3407 1970 3484 poterit:
1986 3404 2084 3464 adhuc
2105 3405 2142 3464 lis

541 3513 598 3574 sub
620 3514 720 3573 indice
741 3519 797 3574 est.
812 3514 874 3573 Sed
888 3515 1025 3591 quamvis
1046 3519 1133 3573 tanta
1145 3515 1224 3572 inter
1234 3533 1284 3573 eos
1299 3513 1418 3573 codices
1432 3515 1596 3574 similitudo
1610 3513 1779 3572 intercedat
1792 3519 1827 3571 ut
1839 3511 1984 3573 utrolibet
1998 3513 2041 3572 uti
2054 3497 2142 3572 nobis

537 3622 635 3697 liceat,
653 3621 831 3681 Oxoniensis
852 3627 962 3694 tamen,
985 3641 1052 3681 cum
1082 3620 1276 3680 Ottaboniaui
1297 3623 1464 3701 scripturae
1485 3621 1566 3680 haud
1586 3641 1656 3681 raro
1678 3621 1716 3680 ab
1738 3619 2003 3700 interpolatoribus
2034 3620 2141 3681 obscu-

536 3733 622 3788 ratae
643 3729 713 3800 sint,
734 3730 834 3806 potius
855 3733 902 3788 est
922 3728 1120 3788 adhibendus.

618 3833 701 3906 Quae
712 3835 738 3894 ei
752 3839 835 3894 recte
846 3833 1076 3913 disputavimus,
1087 3855 1147 3910 qua
1160 3837 1275 3896 ratione
1291 3837 1496 3914 Sangallensis
1512 3837 1694 3917 apographis
1704 3838 1791 3898 nobis
1805 3839 1950 3898 utendum
1961 3839 2002 3897 sit
2015 3837 2140 3900 dubium

539 3959 606 4000 esse
624 3960 684 3999 non
705 3945 813 4018 potest.
834 3941 1024 4001 Matritensis
1043 3943 1122 4001 enim
1144 3948 1174 4001 55
1195 3942 1381 4018 Oxoniensis,
1408 3945 1589 4021 ubicumque
1609 3949 1688 4006 inter
1709 3967 1742 4006 se
1763 3954 1941 4024 congruunt,
1973 3949 2140 4027 scripturas

542 4047 748 4123 Sangallensis
768 4067 873 4108 secure
895 4047 982 4108 nobis
1002 4049 1152 4124 exhibent
1175 4053 1205 4110 in
1225 4052 1404 4114 lectionibus
1426 4073 1497 4114 vero
1519 4055 1762 4135 discrepantibus
1793 4077 1914 4116 manum
1935 4057 2140 4133 sangallensis

537 4153 688 4230 deperditi
708 4153 747 4213 ab
769 4154 943 4233 apographo
963 4156 1042 4232 quod
1057 4177 1125 4217 cum
1138 4158 1284 4220 Vaticano
1305 4167 1452 4238 congruat
1465 4164 1514 4222 vel
1528 4165 1625 4223 minus
1641 4163 1679 4223 ab
1694 4185 1728 4224 5ο
1744 4165 1867 4224 recedat
1887 4161 2058 4224 restitutam
2072 4184 2140 4224 esse

537 4262 716 4322 concludere
737 4264 816 4322 licet.
839 4263 985 4340 Denique,
1008 4266 1088 4342 quod
1108 4287 1167 4326 non
1188 4273 1236 4326 est
1266 4269 1521 4343 obliviscendum,
1545 4273 1637 4332 codex
1668 4272 1865 4346 Oxoniensis,
1897 4275 2007 4353 quippe
2028 4275 2079 4349 qui
2100 4271 2139 4334 ab

537 4371 656 4430 homine
677 4371 798 4447 linguae
818 4372 929 4432 latinae
943 4393 1038 4451 paene
1059 4376 1165 4454 ignaro
1186 4383 1327 4436 exaratus
1349 4381 1398 4452 ait,
1419 4381 1507 4458 plura
1538 4401 1627 4457 quam
1658 4381 1847 4440 Matritensis
1880 4381 2034 4441 scribendi
2064 4383 2140 4440 titia

537 4477 672 4556 praebet,
694 4498 800 4537 manus
822 4487 921 4540 autem
943 4483 1062 4541 erudita
1083 4485 1132 4560 qui
1153 4485 1362 4546 Matritensem
1394 4489 1587 4568 transcripsit
1617 4490 1760 4548 lectiones
1791 4509 1867 4566 quae
1898 4489 1957 4549 sihi
1979 4495 2139 4569 corruptae

535 4587 621 4646 visae
642 4592 744 4644 essent
764 4607 984 4664 nonnumquam
1006 4591 1184 4651 immutavit.

619 4690 667 4750 De
687 4693 803 4751 ratione
824 4713 900 4768 quae
928 4696 1006 4754 inter
1028 4697 1160 4757 codicem
1188 4699 1415 4778 sangallensem
1437 4709 1468 4763 et
1489 4703 1670 4764 Vaticanum
1695 4707 1775 4764 3277
1796 4707 2002 4767 intercesserit
2028 4726 2139 4783 magna

534 4799 653 4856 exsistit
678 4801 891 4860 controversia.
915 4801 1010 4880 Thilo,
1033 4807 1081 4880 qui
1104 4827 1167 4866 rem
1188 4809 1302 4886 primus
1323 4813 1533 4887 pertractavit,
1564 4811 1790 4889 Sangallensem
1811 4833 1846 4872 ex
1866 4814 2014 4874 Vaticano
2039 4819 2139 4873 ortum

533 4923 600 4964 esse
623 4907 751 4965 coniecit
772 4907 857 4983 eique
879 4909 1011 4972 Schenkl
1031 4913 1186 4974 Baehrens
1207 4917 1257 4975 alii
1279 4919 1432 4996 astipulati
1461 4925 1549 4978 sunt:
1572 4927 1678 4980 contra
1699 4923 1828 4992 Olarkio‚
1856 4922 1941 4981 cuins
1968 4923 2137 5001 opinionem

532 5013 620 5091 Bury
640 5032 736 5091 nuper
759 5013 904 5092 defendit,
927 5016 1133 5095 sangallensis
1153 5021 1294 5082 Vaticani
1314 5027 1460 5101 gemellus
1475 5025 1569 5087 fuisse
1582 5028 1667 5087 visus
1681 5035 1737 5088 est.
1759 5029 1979 5106 Argumentum
1993 5049 2051 5105 quo
2066 5029 2138 5088 Thi·

533 5117 610 5176 lonis
634 5121 785 5178 sententia
806 5121 844 5179 de
865 5121 1055 5201 sangallensi
1077 5128 1180 5187 codice
1201 5129 1379 5190 eVaticano
1401 5134 1835 5212 transcripto·nitebaturinde
1850 5137 1972 5196 ductum
1987 5137 2137 5214 estquod,

531 5245 599 5284 cum
621 5225 691 5285 libri
712 5228 837 5288 secundi
858 5249 967 5290 versus
995 5234 1107 5293 213-62
1130 5237 1160 5294 in
1181 5237 1329 5298 Vaticano
1351 5239 1399 5300 bis
1420 5243 1526 5320 scripti
1548 5244 1629 5314 sint,
1657 5245 1788 5322 priorem
1811 5249 1926 5304 tantum
1955 5247 2136 5324 scripturam

537 5337 744 5414 Sangallensis
766 5341 895 5402 exhibet.
925 5344 985 5403 Sed
1006 5345 1063 5404 hoc
1084 5355 1293 5424 argumentum
1315 5353 1405 5411 valde
1427 5352 1578 5413 infirmum
1605 5353 1697 5414 Olark
1718 5375 1771 5415 suo
1792 5357 1857 5415 iure
1881 5357 2045 5416 iudicavit:
2067 5377 2137 5416 nam

538 5445 686 5523 duplicem
721 5449 801 5506 illam
823 5453 1003 5530 scripturam
1036 5455 1231 5534 archetypum
1255 5459 1350 5536 ipsum
1372 5461 1512 5522 Vaticani
1540 5463 1716 5540 praebuisse
1737 5485 1794 5524 non
1815 5485 1939 5543 prorsus
1961 5463 2137 5525 incredibile
