4872 6432
507 395 637 464 xnvur
720 477 722 482 ¹
1041 409 1361 465 raonesomuuon
1379 409 1507 464 canvr
1527 408 1577 463 rv.
1639 467 1643 478 ,

509 560 599 620 dicho
613 583 634 640 y
648 561 770 642 Quilty:
792 581 847 640 per
869 563 965 640 ipsam
987 561 1134 622 arborem.
1219 563 1277 620 164
1302 568 1623 638 (1111111111911111.Ι
1642 560 1725 636 Pius,
1748 559 1890 635 Alardus,
1911 557 2120 630 Pindemonte,

509 669 648 748 Wagner
669 669 708 730 de
728 671 843 731 incerto
864 677 895 728 et
916 668 1053 729 mutabili
1082 688 1227 746 genarum
1249 670 1347 728 colore
1375 669 1595 746 cogitaverunt.
1618 666 1679 725 Sed
1698 685 1789 741 penae
1809 664 1866 724 hoc
1886 665 1951 722 loco
1972 663 2052 722 idern
2073 667 2122 720 est

510 783 600 854 atque
628 781 721 854 oculi,
749 786 783 838 ut
808 781 866 838 iam
894 758 1103 854 Burmannus,
1129 778 1313 845 Delumalle,
1339 775 1482 839 Oaussin,
1512 776 1650 852 Huguet,
1680 775 1807 851 Langen
1837 774 1988 834 viderunt.
2011 773 2121 833 alieno:

510 887 629 946 Iasonis
650 907 758 964 nempe
779 885 862 969 [Pius
884 893 914 946 et
935 885 1037 969 seqq.].
1060 887 1246 947 Samuellson
1268 886 1450 965 explicavit:
1475 903 1533 942 non
1555 891 1614 960 tuo,
1637 885 1733 942 solito.
1818 883 1877 942 194
1898 882 1929 940 in
1951 881 2008 941 hoc
2029 900 2118 940 versu

509 993 780 1072 interpretandos
800 995 874 1053 viris
899 994 996 1054 doctis
1016 993 1147 1054 ‘multum
1175 1013 1284 1072 operae
1312 993 1495 1071 insumptum
1520 997 1575 1052 est.
1600 992 1708 1064 Buuio,
1740 992 1946 1065 Pindemonte,
1977 989 2119 1049 OaussIn:
2194 1023 2203 1040 ·

510 1100 586 1158 satis
607 1099 679 1158 mihi
701 1101 781 1176 quod
801 1101 886 1176 Argo
907 1107 985 1174 etc.;
1007 1101 1062 1159 Ph.
1083 1101 1221 1179 Wagner
1242 1107 1274 1160 et
1293 1099 1448 1160 Bendicbo
1474 1121 1496 1177 y
1524 1099 1648 1177 Qulty3
1677 1117 1735 1157 non
1765 1097 1861 1158 habeo
1890 1097 1969 1174 quod
1995 1095 2117 1156 addam.

512 1206 694 1266 Loehbach:
715 1227 774 1266 non
796 1210 870 1266 satis
891 1210 972 1279 totis,
991 1209 1047 1268 sed
1067 1211 1183 1268 ivsxatis
1198 1208 1349 1286 corymbis
1364 1211 1449 1286 Argo
1462 1210 1549 1267 naris
1563 1207 1659 1280 redit;
1674 1206 1786 1266 Harles
1800 1211 1830 1263 et
1845 1204 2028 1264 Delamulle:
2044 1203 2120 1262 setis

513 1315 586 1375 mihi
607 1316 806 1394 periculorum
819 1334 825 1388 ;
847 1316 920 1374 Pius
942 1323 973 1376 ot
993 1316 1137 1392 Langen3
1158 1321 1208 1373 sat
1228 1314 1300 1374 milri
1314 1316 1407 1374 semel
1422 1314 1558 1394 Cyaneos
1573 1319 1689 1373 montes
1704 1314 1886 1391 perrupisse.
1900 1312 1956 1371 Pio
1969 1313 2058 1390 plane
2072 1330 2120 1370 as·

510 1423 635 1480 sentior.
718 1421 778 1480 218
800 1422 1032 1484 tornandictum
1046 1427 1143 1480 estex
1158 1422 1302 1480 torvitate
1317 1422 1480 1480 incolarum
1496 1419 1588 1502 [Pius
1603 1420 1746 1490 Iortinus,
1760 1418 1966 1494 Pindemonte,
1982 1417 2120 1485 Caussin,

513 1526 659 1610 LangenJ.
682 1527 795 1588 Contra
813 1529 1014 1600 Burmannus
1036 1529 1182 1606 Wagner,
1205 1529 1330 1605 Huguet
1351 1529 1421 1604 quia
1440 1529 1560 1587 taurino
1580 1527 1680 1606 capite
1701 1525 1784 1586 fluvii
1806 1545 1824 1585 a
1845 1527 1942 1605 poetis
1956 1524 2120 1602 fingantur.

593 1637 654 1694 224
674 1637 807 1720 invitae:
827 1637 928 1696 Pallas
949 1639 1027 1697 enim
1050 1657 1168 1718 semper
1188 1639 1301 1716 nuptiis
1321 1639 1486 1697 adversans
1501 1658 1519 1696 n
1532 1638 1630 1714 poe'tis
1645 1637 1798 1696 inducitur
1812 1631 2032 1716 [Burmannusl.
2048 1634 2122 1693 Pius

512 1749 543 1801 et
564 1744 689 1820 Langen
711 1745 798 1803 aliter
819 1746 1062 1822 explicaverunt,
1084 1747 1139 1806 sed
1160 1747 1258 1804 minus
1280 1751 1370 1804 recte.
1453 1745 1513 1804 235
1534 1745 1662 1821 duplam,
1692 1746 1763 1820 quia
1783 1763 1821 1803 ex
1841 1741 1968 1819 gemmis
1989 1747 2021 1800 et
2048 1761 2122 1800 auro

512 1857 579 1910 erat
598 1849 815 1932 [Burmannus,
837 1853 991 1930 Heynius,
1015 1853 1151 1930 Caussin,
1173 1855 1306 1932 Huguet,
1329 1851 1474 1932 Langenl.
1504 1853 1624 1924 Harlas,
1645 1852 1792 1928 Wagner,
1815 1851 1865 1908 ulii
1888 1849 1964 1909 duas
1996 1869 2123 1910 coronas

515 1957 736 2017 intellexerunt.
819 1960 878 2018 269
901 1960 979 2020 hunc
994 1981 1115 2020 versum
1131 1962 1213 2020 varie
1228 1962 1476 2038 interpretatores
1490 1963 1679 2037 acceperunt.
1696 1957 1897 2028 Burmannus,
1912 1955 2121 2024 Pindemonte,

516 2065 651 2142 Huguet‚
675 2065 832 2126 Bendicho
852 2089 873 2144 y
895 2067 1017 2146 Quuty:
1040 2069 1155 2127 scilicet
1171 2069 1201 2126 in
1215 2074 1348 2126 nostram
1364 2068 1495 2146 gratiam
1509 2065 1583 2126 fecit
1595 2071 1638 2142 ut,
1658 2070 1815 2124 contentus
1830 2064 1948 2135 Medea,
1963 2082 2022 2121 non
2037 2081 2122 2122 ever-

512 2173 587 2230 terit
606 2171 712 2232 urbem
734 2179 765 2232 et
786 2193 887 2233 muros
908 2175 1071 2234 disiecerit.
1092 2175 1218 2234 Rectius
1239 2175 1342 2246 Buzio,
1375 2175 1550 2246 Delamalle,
1574 2172 1711 2249 Caussin,
1733 2171 1789 2229 Ph.
1811 2171 1957 2248 Wagner,
1986 2171 2121 2248 Langen:

515 2280 573 2338 heu
594 2279 710 2357 pudor!
733 2280 763 2338 id
786 2280 872 2340 nobis
893 2283 1068 2359 contingere
1089 2303 1147 2340 non
1169 2281 1292 2357 debuit,
1315 2283 1479 2359 nisi·prius
1499 2280 1605 2340 urbem
1626 2280 1796 2338 delevisset.
1879 2278 1938 2337 307
1967 2297 2039 2338 non.
2053 2294 2123 2337 unc:

511 2387 597 2446 varia
619 2387 734 2446 scilicet
757 2385 959 2468 [Burmannus
980 2394 1010 2449 et
1031 2388 1134 2473 seqq.].
1156 2390 1245 2448 Pius:
1261 2391 1419 2448 communi.
1433 2389 1576 2465 Langen:
1591 2387 1718 2447 Medeae
1733 2393 1764 2446 et
1778 2387 1883 2448 velleri
1897 2387 2007 2445 timens
2022 2385 2121 2458 Iason,

512 2495 618 2552 velleri
640 2500 758 2554 tantum
779 2497 894 2573 reliqui.
976 2498 1037 2556 324
1058 2499 1166 2558 deutra
1187 2517 1229 2556 sc.
1252 2517 1342 2556 manu
1363 2493 1446 2577 [Pius
1468 2500 1499 2554 et
1520 2493 1621 2576 seqq.],
1637 2513 1697 2553 non
1718 2501 1804 2572 parte
1826 2492 1987 2575 lMaserius
2008 2498 2040 2550 et
2052 2491 2123 2549 Pin·

512 2602 671 2685 ‹lemonte].
754 2605 811 2663 431
835 2605 883 2664 De
904 2606 934 2663 la
954 2605 1033 2666 Villa
1055 2605 1092 2664 de
1114 2606 1257 2666 Mirmont
1279 2603 1396 2664 duobus
1417 2603 1514 2663 modis
1535 2603 1615 2663 hunc
1635 2621 1756 2662 versum
1774 2603 1918 2680 explicari
1939 2621 2026 2681 posse
2041 2609 2123 2660 recte

514 2711 640 2768 statuit:
666 2739 680 2762 a
696 2711 799 2788 n’ai-je
820 2731 875 2790 pas
896 2683 1001 2770 merite
1023 2733 1078 2790 par
1098 2731 1162 2771 mes
1183 2712 1315 2771 services
1337 2729 1393 2786 que
1414 2719 1460 2770 tes
1481 2730 1684 2789 compagnons
1706 2717 1736 2768 et
1751 2711 1791 2768 toi
1807 2729 1881 2768 vous
1897 2729 1970 2768 vous
1984 2709 2122 2788 exposieu

512 2839 588 2896 pour
608 2819 668 2877 moi
689 2822 707 2878 ia
729 2820 757 2878 la
778 2819 909 2877 morti»
933 2821 979 2878 rel
1005 2849 1018 2872 «
1035 2818 1140 2896 maj-je
1160 2837 1216 2896 pas
1236 2819 1359 2893 merite,
1381 2837 1419 2877 en
1440 2837 1514 2876 vous
1535 2824 1678 2893 servant,
1701 2817 1739 2876 de
1760 2817 1789 2876 la
1810 2823 1880 2895 part
1901 2818 1938 2878 de
1961 2837 2029 2876 mou
2050 2819 2122 2894 pere

515 2928 544 2988 la
563 2927 659 2986 meme
679 2935 756 2987 mort
778 2929 856 3005 qu’il
878 2929 994 2988 destino
1015 2932 1034 2988 a
1054 2931 1096 2988 toi
1117 2935 1148 2988 et
1162 2932 1181 2988 a
1194 2933 1241 2987 tes
1262 2927 1486 3006 compagnons?
1505 2955 1518 2979 »
1541 2927 1678 2987 Priorem
1698 2928 1876 2987 sententiam
1893 2929 1950 2986 viri
1965 2927 2046 2986 docti
2060 2926 2122 3005 ple-

515 3053 639 3110 rumque
660 3041 850 3113 acceperunt.
933 3037 993 3096 458
1009 3037 1146 3112 procedit
1167 3057 1223 3097 non
1242 3036 1338 3112 gentis
1358 3037 1464 3096 honos:
1481 3036 1564 3094 varie
1579 3034 1654 3094 haec
1668 3034 1762 3094 verba
1777 3036 1927 3112 explicata
1940 3041 2020 3093 sunt.
2041 3033 2124 3108 Pius,

515 3141 618 3210 Buzio,
641 3140 857 3217 Pindemonte,
880 3143 1046 3203 Delamalle
1079 3150 1223 3221 ceperunt
1243 3163 1279 3202 ac
1300 3144 1326 3201 si
1347 3143 1378 3201 in
1399 3147 1592 3219 conspectum
1612 3141 1729 3202 Iasonis
1752 3142 1861 3202 Medea
1882 3142 1998 3201 veniret
2026 3141 2124 3220 passis

515 3247 650 3306 crinibus
673 3253 704 3306 et
725 3247 831 3307 habitu
852 3250 983 3308 sordido.
1005 3250 1196 3309 Burmannus
1218 3259 1248 3308 et
1268 3250 1323 3308 Ph.
1344 3249 1501 3326 Wagner:
1523 3248 1598 3306 nihil
1619 3250 1704 3308 iuvat
1725 3269 1791 3308 cum
1812 3248 1903 3308 lason
1923 3254 2043 3308 maneat
2071 3249 2125 3306 im-

515 3353 643 3412 mobilis.
667 3355 814 3444 Lemaire,
838 3355 974 3429 Caussin,
996 3357 1130 3434 Huguet,
1152 3357 1309 3417 Bendicho
1330 3379 1350 3436 y
1365 3357 1486 3434 Qllilty:
1503 3375 1560 3414 uon
1575 3363 1679 3416 servat
1694 3357 1771 3415 hanc
1787 3361 1984 3416 venustatem.
1999 3356 2126 3415 Rectius

515 3461 666 3520 Maserius
687 3467 717 3520 et
738 3463 883 3538 Langon:
905 3463 1097 3541 pulchritudo
1111 3465 1175 3523 eius
1190 3483 1249 3523 non
1264 3466 1456 3542 conspicitur.
1540 3464 1599 3522 463
1616 3465 1715 3523 alle-ra
1735 3464 1808 3522 Pius
1822 3466 2056 3542 interpretatur:
2070 3467 2125 3522 'se-

515 3569 615 3628 rrmda
639 3589 656 3628 a
677 3570 786 3629 Iasone
807 3569 855 3630 vel
877 3569 1001 3644 hilaris;
1022 3570 1176 3646 Barthius,
1199 3571 1304 3643 Buzio,
1325 3570 1530 3642 Pindemonte,
1548 3571 1706 3631 Bendicho
1720 3593 1740 3650 y
1756 3572 1876 3649 Quilty:
1892 3591 1984 3648 aeque
1998 3571 2124 3650 pulchra

514 3695 550 3734 nc
571 3675 628 3734 dea
648 3676 766 3750 Pallas,
789 3678 948 3747 Maserius,
963 3677 1163 3752 Burmannus,
1179 3677 1324 3755 Wagner,
1340 3678 1477 3753 Caussin,
1493 3679 1627 3756 Huguet,
1642 3680 1784 3754 Langen:
1807 3679 1912 3755 altera,
1936 3699 2001 3739 cum
2022 3679 2125 3738 Pallas

513 3790 593 3841 esset
614 3785 729 3861 prima:
752 3785 831 3860 quod
851 3783 955 3862 probo.

1192 4107 1373 4184 CAPVT
1400 4111 1449 4185 V.

597 4320 686 4378 Nunc
701 4327 840 4398 superest
853 4325 887 4378 ut
902 4321 1106 4395 quaestionem
1121 4322 1271 4398 explicatu
1286 4319 1491 4380 difficillimam
1506 4323 1668 4400 suscipiam
1681 4329 1782 4382 utrum
1803 4321 1967 4398 perfecerit
1979 4319 2119 4380 Valerius

520 4447 641 4487 carmen
663 4447 749 4486 suum
770 4446 873 4486 necne.

596 4535 628 4592 Si
650 4535 824 4610 Heinsium,
847 4532 902 4593 Ph.
925 4534 1129 4610 Wagnerum,
1150 4534 1368 4594 Baehrensium
1389 4537 1568 4636 excipimus,
1598 4537 1649 4612 qui
1669 4542 1836 4614 temporum
1857 4535 1966 4594 iniuria
1986 4555 2023 4594 ea
2043 4554 2118 4610 quae

518 4649 586 4720 post
607 4641 687 4701 VIII
709 4642 768 4700 467
789 4662 870 4701 nunc
891 4642 1000 4701 desunt
1020 4643 1147 4720 perfines
1167 4641 1365 4701 adfirmamnt
1376 4644 1473 4718 magis
1487 4664 1577 4720 quarn
1591 4645 1681 4703 certis
1697 4644 1883 4720 argumentis
1903 4642 2120 4720 probaverunt,

519 4772 623 4810 omnes
637 4752 695 4810 viri
711 4752 793 4810 docti
809 4771 867 4810 non
882 4753 1002 4811 licuisse
1016 4756 1122 4829 poetae
1136 4771 1211 4828 opus
1232 4769 1318 4809 suum
1339 4751 1484 4828 perlicere
1506 4751 1647 4811 arbitrati
1669 4759 1748 4812 sunt.
1770 4751 1837 4824 Qua
1857 4753 1895 4810 de
1916 4751 2124 4810 controversia

518 4877 609 4936 saepe
638 4858 710 4916 mihi
732 4859 879 4936 cogitanti
907 4877 1026 4935 semper
1047 4859 1231 4916 tutissimum
1252 4863 1299 4916 est
1319 4859 1417 4916 risum
1444 4859 1563 4918 Heinsii
1588 4861 1769 4918 sententiam
1790 4860 1950 4937 amplecti,
1981 4879 2070 4934 quam
2090 4863 2125 4914 ut

517 4963 650 5041 probem,
674 4965 795 5042 singula
816 4969 994 5042 argumenta
1015 4962 1124 5040 quibus
1145 4964 1244 5041 opinio
1266 4965 1431 5024 communis
1451 4967 1559 5024 nititur
1579 4965 1716 5026 refellere
1738 4967 1810 5026 mihi
1831 4967 1930 5026 liceat.

601 5072 748 5130 Homines
764 5070 844 5130 docti
861 5072 910 5147 qui
926 5077 995 5130 ante
1010 5069 1167 5128 Thilonem
1182 5069 1303 5130 Valerio
1317 5071 1427 5130 Flacco
1443 5093 1544 5130 curam
1567 5093 1747 5151 operamque
1768 5073 1980 5152 impenderunt
2001 5093 2120 5132 carmen

516 5177 554 5236 ab
577 5179 644 5254 ipso
667 5184 757 5256 polita
785 5177 994 5255 imperfectum
1021 5178 1158 5237 relictum
1187 5195 1254 5236 esse
1282 5179 1491 5238 existimarunt
1516 5180 1572 5240 hoc
1593 5182 1719 5240 maxime
1740 5186 1918 5257 argumento
1945 5179 2017 5240 freti
2045 5180 2124 5256 quod

517 5281 721 5356 Quintilianus
745 5291 873 5343 mortem
883 5284 999 5343 Valerii
1014 5291 1236 5361 praematuram
1257 5291 1380 5360 questus
1401 5291 1462 5344 est:
1486 5307 1574 5362 cluam
1595 5288 1742 5346 rationem
1762 5287 1870 5346 falsam
1891 5307 1957 5346 esse
1978 5287 2123 5346 Heinsius

516 5411 569 5450 suo
592 5392 656 5450 iure
677 5391 788 5450 (locuit.
817 5392 956 5450 Alterum
984 5397 1212 5466 argumentum.
1235 5412 1293 5468 quo
1314 5393 1454 5452 Valerius
1476 5394 1538 5452 lato
1560 5395 1659 5470 iniquo
1686 5395 1901 5468 Argonauticis
1930 5394 2121 5472 perlicirmdis
