4872 6432
749 1233 1466 1366 PROLEGOMENON

987 1607 1168 1685 CAPVT
1197 1609 1226 1682 Ι.

382 2385 502 2461 Siquis
524 2383 639 2443 Valerii
660 2383 763 2443 Flacci
785 2383 941 2454 editiones,
963 2403 1039 2460 quae
1062 2383 1161 2444 adhuc
1182 2385 1213 2443 in
1234 2387 1330 2444 lucem
1353 2385 1537 2462 prodierunt,
1560 2384 1723 2460 diligenter
1738 2385 1909 2460 contulerit,

307 2508 410 2548 omues
431 2491 461 2548 15
482 2497 623 2565 quattuor
644 2494 759 2549 aetates
780 2488 923 2549 distribui
943 2509 1031 2568 posse
1052 2489 1141 2551 facile
1163 2491 1327 2569 intelleget,
1349 2509 1474 2569 quarum
1495 2490 1592 2568 prima
1613 2491 1642 2560 ii,
1665 2490 1716 2565 qui
1737 2494 1806 2548 ants
1832 2489 1906 2549 Gar·

303 2600 417 2658 rionem
440 2605 542 2657 nostro
563 2603 668 2676 poetae
691 2617 794 2657 curam
814 2616 994 2675 operamque
1015 2598 1172 2670 dederunt,
1189 2600 1286 2658 altera
1305 2617 1378 2659 vero
1399 2597 1505 2658 Carrio
1526 2603 1557 2656 et
1577 2603 1736 2673 sequentes
1758 2615 1851 2672 usque
1869 2597 1907 2656 ad

302 2705 480 2777 Heinsium,
502 2706 593 2764 tertia
614 2710 714 2764 autern
734 2705 878 2764 Heinsius
899 2711 930 2764 et
950 2705 1131 2782 posteriores
1152 2723 1247 2780 usque
1268 2704 1307 2764 ad
1328 2703 1502 2774 Thilonem,
1524 2709 1633 2779 quarta
1662 2703 1790 2778 denique
1818 2701 1908 2761 Thilo

302 2813 543 2889 recentioresque
565 2812 784 2872 contineantur.

383 2922 429 2981 Ex
451 2921 565 2982 codicis
585 2920 725 2980 Vaticani
745 2919 824 2979 3277
848 2920 1039 2999 apographis,
1062 2939 1138 2995 quae
1159 2919 1278 2978 saeculo
1298 2918 1358 2978 XV
1378 2919 1409 2976 15
1430 2918 1519 2976 Ι15115
1540 2919 1655 2996 scriptu
1683 2925 1763 2994 sunt,
1790 2925 1908 2978 veteres

302 3027 414 3087 Valerii
436 3028 538 3089 Flacci
560 3028 712 3088 editiones
727 3026 886 3087 fluxerunt.
907 3027 1040 3088 Primam
1062 3046 1135 3086 vero
1154 3028 1286 3087 omnium
1307 3025 1525 3085 Bononiensem
1547 3026 1716 3096 editionem,
1734 3027 1908 3108 55551474

303 3151 356 3212 per
377 3132 515 3209 Ugonem
535 3133 702 3211 Rugerium
723 3139 755 3193 et
773 3133 925 3191 Doninum
946 3131 1129 3193 Bertocbum
1144 3132 1329 3209 impressam,
1346 3131 1403 3190 viri
1418 3130 1499 3190 docti
1513 3149 1680 3190 memorare
1698 3131 1803 3208 solent,
1819 3151 1906 3207 quae,

301 3260 337 3300 ex
357 3241 460 3300 codice
480 3240 662 3300 Bononiensi
683 3239 830 3316 derivate,
852 3260 911 3300 non
933 3240 1020 3299 modo
1041 3240 1186 3317 plurimes
1207 3238 1349 3299 lectiones
1372 3241 1480 3298 misere
1501 3245 1659 3316 corruptas
1681 3236 1820 3312 exhibet,
1850 3240 1907 3298 sed

302 3348 393 3406 etiam
414 3345 538 3406 infinitis
559 3365 717 3425 operarum
738 3347 821 3405 vitiis
842 3351 948 3405 scatet.
971 3345 1100 3406 Mendes
1123 3353 1232 3422 autem,
1255 3344 1363 3423 quibus
1385 3345 1477 3405 editio
1498 3347 1639 3424 princeps
1660 3348 1789 3424 pessime
1811 3347 1908 3422 inqui-

302 3457 374 3512 nata
396 3457 450 3522 est,
474 3452 674 3512 Bononiensis
696 3452 792 3512 altera
813 3451 849 3534 [a
867 3453 953 3529 1498,
975 3451 1142 3512 Benedicta
1162 3452 1314 3512 Hectoreo
1335 3449 1479 3533 corantel,
1502 3471 1591 3528 quam
1610 3450 1745 3511 Venetae
1767 3448 1805 3531 [a.
1829 3451 1909 3508 1500

303 3567 334 3618 51
358 3561 433 3618 1501
457 3579 475 3618 5
496 3559 713 3638 Christophoro
734 3559 772 3619 de
791 3560 899 3619 Peneis
920 3560 957 3620 de
978 3559 1131 3620 Mandello
1152 3557 1261 3640 5511551
1282 3560 1395 3636 passim
1415 3566 1537 3618 secutae
1559 3567 1638 3636 sunt,
1660 3559 1848 3618 Parisicnses
1869 3555 1907 3638 15.

306 3666 384 3724 1501)
404 3685 459 3744 per
479 3665 658 3725 Gervasium
680 3667 855 3742 Amoenum,
879 3685 904 3724 5.
929 3667 1004 3724 1511
1028 3671 1059 3724 51
1081 3665 1159 3723 1512
1180 3683 1236 3742 per
1256 3663 1321 3723 Iod.
1343 3663 1473 3723 Badium
1493 3665 1674 3723 Ascensium
1697 3669 1729 3723 51
1743 3663 1908 3723 Iohannem

231 3787 236 3800 ·
302 3773 444 3845 Parvum,
457 3793 483 3832 a.
507 3774 583 3832 1517
606 3780 638 3832 51
659 3774 737 3832 1519
757 3793 812 3852 per
833 3773 996 3852 Aegidium
1016 3771 1200 3855 Maseriuml,
1223 3773 1360 3832 Romana
1382 3769 1534 3854 [a.1501],
1555 3771 1695 3832 15511555
1717 3769 1753 3852 [a.
1778 3773 1855 3832 1503
1878 3781 1910 3832 51

305 3881 391 3956 1517,
414 3887 538 3940 curante
553 3880 659 3940 Barth.
675 3878 803 3961 Fontiol,
824 3879 1022 3940 Bononiensis
1044 3881 1135 3938 tertia
1157 3877 1287 3960 151504
1308 3898 1375 3938 cum
1396 3879 1421 3938 I.
1437 3877 1671 3960 Β.Ρ1155551.1,
1688 3879 1909 3957 complutensis

303 3989 342 4072 [a.
368 3991 454 4066 1524,
477 4009 538 4049 cur.
561 3990 724 4049 Laurentio
742 3987 851 4071 Balbo]
873 3990 939 4048 sive
959 4007 994 4046 ex
1016 3988 1141 4047 aliorum
1152 3986 1292 4046 Vaticani
1314 3987 1554 4066 apographorum
1575 3989 1763 4064 austeritate,
1786 3989 1851 4048 sive
1872 4008 1908 4047 ex

302 4101 435 4158 virorum
456 4098 613 4156 docturum
634 4098 812 4173 coniectura,
834 4097 1009 4175 plerumque
1030 4095 1188 4172 sustulere,
1200 4095 1351 4154 interdum
1371 4113 1443 4154 vero
1464 4101 1619 4154 auxarumt.
1634 4095 1697 4155 Sed
1718 4116 1753 4155 ex
1767 4095 1908 4156 omnibus

304 4207 383 4265 illius
419 4207 528 4264 aetatis
550 4203 716 4264 editoribus
738 4205 867 4282 palmam
887 4203 942 4262 Pio
964 4209 1053 4278 atque
1074 4201 1154 4260 Aldu
1175 4199 1263 4260 facile
1284 4199 1453 4260 tribuimus.
1464 4201 1584 4260 Primus
1605 4202 1684 4261 enim
1704 4205 1835 4263 omnium
1856 4225 1906 4264 co-

303 4313 402 4372 dicem
413 4312 593 4372 Vaticanum
607 4310 686 4370 3277
703 4310 742 4369 55
756 4310 870 4370 Valerii
891 4310 993 4370 Flacci
1015 4328 1136 4369 carmen
1150 4308 1371 4368 emendandum
1385 4308 1410 4367 I.
1424 4308 1566 4389 Baptista
1585 4309 1658 4368 Pius
1680 4310 1818 4370 adhibuit
1833 4317 1908 4372 rnul-

304 4431 410 4497 155555
432 4418 596 4478 editionum
616 4419 750 4496 priorum
770 4418 904 4476 maculas
925 4417 1060 4492 detersit,
1076 4416 1131 4476 sed
1152 4416 1190 4474 de
1211 4416 1258 4474 his
1279 4416 1395 4475 meritis
1416 4435 1475 4474 non
1496 4415 1571 4475 nihil
1585 4416 1718 4476 detraxit
1738 4420 1812 4498 ipse,
1829 4440 1907 4494 eum,

302 4527 423 4604 optimis
445 4523 515 4584 libri
527 4524 667 4582 Vaticani
688 4521 866 4583 lectionibus
887 4523 975 4603 plane
996 4523 1151 4601 neglectis,
1167 4522 1286 4582 codices
1310 4521 1348 4581 ab
1370 4497 1457 4581 stalis
1479 4524 1674 4602 interpolatos
1697 4526 1807 4586 alicubi
1821 4549 1909 4606 prae-

305 4633 407 4695 ferret.
429 4635 475 4693 Pii
497 4633 668 4705 editionem,
690 4651 766 4709 quae
786 4632 939 4692 Bononiae
960 4651 986 4691 a
1012 4633 1089 4691 1519
1110 4631 1232 4711 prodiit,
1254 4631 1428 4708 Engeutina
1449 4629 1656 4713 [Argentorati
1677 4655 1703 4693 a.
1729 4635 1825 4717 15251,
1850 4639 1906 4698 Oo-

306 4744 404 4801 linaee
426 4739 561 4822 [Parisiis
583 4761 610 4798 a.
628 4737 724 4820 15321,
737 4739 931 4818 Gryphiauae
953 4737 1104 4820 [Lugduni
1125 4741 1155 4797 in
1176 4739 1282 4798 Galliis
1303 4759 1329 4796 a.
1357 4741 1435 4798 1545
1457 4745 1488 4798 51
1510 4737 1598 4820 15481
1620 4739 1752 4802 fideliter
1773 4744 1909 4804 imitatae

305 4847 508 4907 sunt.Aldina
530 4867 611 4921 vero,
634 4865 711 4904 5555
735 4847 811 4906 1523
833 4847 988 4924 impressa,
1001 4845 1102 4904 multis
1123 4845 1197 4904 locis
1212 4865 1230 4903 a
1243 4844 1394 4924 prioribus
1408 4844 1592 4906 editionibus
1615 4848 1772 4908 discessit:
1793 4852 1842 4910 vir
1856 4853 1908 4912 do-

304 4963 380 5027 5155,
402 4957 451 5032 qui
474 4957 501 5014 ei
520 4955 660 5034 praefuit,
674 4958 730 5015 etsi
751 4957 871 5034 saepius
891 4957 983 5015 nimia
1004 4955 1146 5015 violentia
1167 4961 1282 5014 textum
1303 4955 1448 5014 traditum
1470 4957 1608 5026 mutavit,
1628 4975 1686 5015 non
1708 4959 1790 5017 55115
1804 4967 1904 5021 tamen

306 5064 390 5133 vitia,
405 5081 481 5140 quae
495 5065 612 5141 priscae
633 5063 780 5121 editiones
801 5067 986 5139 receperant,
1002 5059 1131 5143 feliciter
1141 5063 1280 5136 correxit,
1296 5061 1350 5120 sed
1365 5067 1466 5120 utrum
1482 5062 1618 5122 codicem
1636 5064 1765 5139 aliquem
1779 5067 1909 5126 necdurn

305 5167 345 5228 ab
365 5169 426 5227 ullo
446 5169 614 5246 inspectum
634 5166 807 5227 adhibuerit
827 5187 865 5226 au
886 5168 948 5226 solo
969 5169 1089 5245 ingenio
1110 5187 1174 5227 rem
1195 5168 1301 5246 egerit,
1323 5169 1435 5227 nullum
1459 5168 1546 5228 nobis
1565 5169 1713 5230 indicium
1738 5173 1867 5250 reliquit.

383 5275 510 5334 Praeter
531 5275 670 5346 editores,
692 5293 766 5350 quos
788 5276 1025 5347 memoravimus,
1041 5293 1101 5333 555
1115 5275 1188 5333 55111
1202 5276 1259 5333 riri
1274 5275 1354 5335 docti
1370 5277 1406 5334 iis
1421 5275 1606 5354 temporibus
1620 5277 1659 5337 55
1670 5277 1786 5339 Valerii
1803 5280 1904 5342 Flacci

305 5389 419 5442 textum
441 5381 681 5442 constituendum
706 5381 907 5450 attenderunt,
922 5381 1001 5440 velut
1023 5381 1204 5459 Pomponius
1224 5381 1337 5441 Laetus
1359 5380 1398 5464 [in
1420 5403 1516 5461 marg.
1534 5383 1642 5466 55551,
1665 5385 1757 5446 Ianus
1778 5387 1908 5448 Parrha-

305 5489 368 5547 5155
390 5486 430 5568 115
452 5507 547 5566 marg.
568 5488 746 5565 exemplaris
767 5487 842 5545 Bon.
864 5487 905 5548 11.
928 5487 1008 5564 quod
1028 5488 1153 5566 Neapoli
1169 5489 1199 5546 15
1217 5487 1295 5547 Β151.
1312 5487 1382 5547 Ν51.
1399 5489 1597 5572 5555551551,
1613 5492 1651 5550 Α.
1672 5493 1840 5554 Ρ511115555
1865 5495 1907 5578 115

302 5596 365 5655 5515
387 5595 596 5654 Μ15551155515.
618 5595 755 5654 Venetiis
778 5593 874 5675 15021.
897 5597 933 5653 Α.
955 5595 1123 5655 Sabellicus
1145 5595 1184 5676 115
1207 5599 1270 5655 5515
1291 5596 1571 5658 observationibus.
1585 5599 1721 5660 Venetiis
1750 5603 1846 5684 15021,
1870 5606 1908 5664 Β.
