4872 6432
527 439 596 494 LVI
1073 436 1392 493 PROLEGOMENON
1408 437 1534 492 CAPV'I'
1554 436 1589 492 V.

614 590 675 650 Sed
695 591 769 651 haec
790 591 944 651 hactenus:
966 593 1069 668 quanti
1090 593 1169 650 enirn
1190 591 1267 649 ratio
1288 591 1416 650 Petersii
1436 590 1577 650 habenda
1596 591 1636 648 sit
1657 592 1775 650 omnino
1796 591 1908 668 liquet!

611 699 813 758 Transeamus
832 701 893 758 iam
914 701 953 758 ad
975 705 1153 778 argumenta
1173 719 1191 759 a
1211 699 1393 758 Summersio
1414 703 1445 758 et
1465 699 1609 777 Langeno
1630 699 1755 777 prolata.
1777 698 1867 758 Ratio
1899 699 2018 774 quidem
2046 719 2136 777 quam

530 805 684 864 Summers
706 825 740 864 cx
762 805 859 866 Statio
880 809 1030 868 imitatore
1050 807 1136 866 duxit
1150 826 1259 886 magno
1273 806 1312 865 ad
1326 806 1568 884 persuadendum
1581 813 1730 865 momento
1744 825 1803 865 non
1817 811 1872 865 est.
1886 805 1965 865 Nam
1980 806 2007 864 si
2021 805 2136 866 Statius

529 931 695 972 memorare
716 915 860 974 voluisset
878 933 928 974 res
950 913 988 973 ab
1009 916 1194 993 Argonautis
1215 921 1326 992 gestas,
1348 934 1424 991 quae
1446 919 1581 992 tempore
1603 914 1785 974 excederent
1805 932 1841 972 ea
1861 932 1937 990 quse
1958 933 2038 972 nunc
2055 914 2137 991 apud

530 1019 684 1079 Valerium
707 1023 907 1099 inveniuntur,
930 1021 969 1082 ab
989 1023 1148 1100 Apollonio
1168 1023 1345 1101 depromere
1366 1023 1531 1101 potuisset,
1554 1023 1639 1080 cuius
1659 1028 1765 1099 poema
1785 1021 1822 1080 iis
1843 1020 2029 1098 temporibus
2061 1023 2136 1082 satis

530 1133 612 1185 esset
630 1128 851 1206 pervulgatum.
873 1129 978 1205 Neque
992 1128 1129 1205 Langeni
1144 1134 1354 1206 argumentum
1368 1129 1474 1188 melius
1488 1147 1520 1187 se
1534 1127 1634 1187 habet.
1650 1126 1726 1187 Cum
1746 1129 1826 1187 enim
1846 1133 1910 1186 tam
1923 1147 2020 1206 pauca
2041 1149 2135 1206 eaque

531 1235 647 1292 incerta
669 1235 729 1292 sint
750 1253 826 1310 quae
847 1236 885 1294 de
905 1234 1020 1295 Valerii
1040 1236 1105 1294 vita
1127 1237 1343 1314 comperimus,
1365 1235 1553 1294 nullomodo
1575 1234 1740 1294 diiudicare
1765 1253 1923 1313 possumus
1955 1240 2055 1294 utrum
2075 1236 2133 1296 Vs·

530 1342 622 1400 lerius
643 1361 763 1402 carmen
779 1361 866 1401 suum
881 1343 1052 1402 Domitiano
1073 1345 1238 1422 imperante
1252 1341 1413 1422 peit'ecerit
1429 1362 1530 1402 necne:
1545 1343 1600 1402 sed
1614 1348 1715 1402 tamen
1730 1344 1929 1403 concedamus
1944 1364 2002 1402 non
2016 1345 2136 1404 licuisse
2207 1387 2209 1392 ,

528 1446 649 1505 Valerio
671 1467 745 1524 opus
766 1468 853 1507 suum
866 1450 956 1510 edere
978 1455 1047 1508 ante
1068 1449 1273 1509 Domitianum
1287 1452 1505 1528 imperatorem.
1527 1439 1632 1523 Quid?
1654 1449 1702 1508 An
1724 1451 1814 1508 etiam
1835 1449 1867 1509 id
1882 1449 2065 1508 credendum
2089 1456 2137 1508 est

529 1551 633 1612 laudes
654 1557 750 1632 patris
771 1553 914 1616 fratrisve
935 1557 982 1615 sui
1002 1557 1207 1616 Domitianum
1228 1557 1390 1615 doliturum
1411 1553 1529 1614 furisse?
1549 1554 1619 1614 Huc
1640 1555 1758 1614 accedit
1778 1555 1857 1631 quod
1871 1555 2020 1627 Valerius,
2043 1561 2076 1612 ut
2095 1572 2133 1611 ex

528 1659 682 1720 Iuvenalis
704 1663 872 1723 testimonio
892 1666 950 1722 viri
972 1664 1051 1723 docti
1072 1665 1278 1740 coniecerunt,
1299 1663 1433 1740 singulos
1454 1660 1562 1739 libros,
1588 1663 1677 1720 simul
1698 1682 1733 1722 ac
1752 1660 1937 1740 perfecerat,
1961 1662 1990 1720 in
2012 1659 2133 1738 publico

528 1767 686 1828 recitabat:
708 1789 797 1844 quam
816 1769 855 1830 ob
876 1791 940 1830 rem
960 1774 1151 1850 prooemium,
1173 1773 1204 1831 in
1225 1773 1334 1849 vulgus
1355 1771 1414 1829 iam
1435 1771 1558 1848 editum⁷
1580 1777 1684 1850 postea
1697 1771 1861 1842 Valerium,
1883 1769 1965 1830 nulla
1985 1768 2135 1848 probabili

531 1895 632 1948 causa,
644 1882 878 1937 retractaturum
899 1879 992 1939 luisse
1012 1881 1063 1939 vix
1083 1879 1228 1940 credibile
1248 1887 1329 1957 puto.

612 1984 720 2060 ltaque
742 1987 881 2062 rationes
903 2006 978 2062 quas
999 1988 1057 2046 viri
1077 1986 1158 2045 docti
1180 1986 1368 2046 adduxemnt
1388 1993 1423 2046 ut
1443 1985 1598 2046 Valerium
1628 2005 1748 2046 carmen
1779 2006 1865 2047 suum
1889 2005 1948 2045 non
1970 1985 2136 2046 absolvisse

531 2094 713 2166 evincerent,
735 2093 799 2154 fere
822 2115 924 2154 omnes
945 2094 1079 2154 infirmas
1099 2114 1165 2154 esse
1186 2096 1261 2154 satis
1282 2094 1485 2173 probavimus
1507 2114 1602 2169 neque
1623 2113 1677 2153 eae
1697 2113 1771 2171 quas
1801 2097 1969 2172 recepimus
1989 2095 2135 2154 eiusmodi

531 2207 603 2261 sunt
617 2208 650 2261 ut
666 2204 764 2280 opinio
780 2201 816 2262 de
831 2202 946 2262 Valerii
959 2205 1091 2262 carmine
1106 2203 1230 2279 vulgata
1244 2201 1470 2280 complectenda
1483 2202 1632 2261 videatur.
1647 2201 1761 2262 Contra
1774 2221 1833 2260 non
1846 2202 1929 2260 nulla
1943 2208 2014 2262 sunt
2027 2201 2136 2279 quibus

534 2311 653 2370 Heinsii
676 2312 848 2371 coniectura
868 2309 1000 2370 fulcitur.
1020 2309 1120 2386 Atque
1142 2311 1172 2368 in
1195 2310 1299 2387 primis
1320 2327 1357 2367 ne
1378 2328 1470 2367 unum
1491 2308 1610 2385 quidem
1631 2327 1753 2368 versum
1774 2308 1944 2368 inchoatum
1959 2310 1990 2368 in
2004 2311 2136 2368 carmine

530 2416 692 2475 Valeriano
706 2417 880 2494 reperimus:
902 2436 978 2493 quae
1000 2436 1048 2475 res
1069 2415 1187 2474 maximi
1209 2420 1256 2474 est
1276 2416 1417 2474 momenti
1436 2422 1471 2473 ut
1490 2433 1566 2493 opus
1587 2415 1696 2474 iniuria
1715 2429 1883 2492 temporum
1904 2416 2029 2492 periisse
2052 2413 2132 2474 arbi-

530 2533 654 2586 tremur.
676 2525 787 2584 Aeneis
808 2525 888 2583 enim
909 2525 1023 2599 aliaque
1044 2528 1183 2602 poemata
1203 2521 1242 2582 ab
1264 2520 1436 2581 auctoribus
1456 2522 1588 2582 nondum
1609 2522 1757 2600 perpolita
1776 2541 1884 2582 versus
1905 2522 2060 2582 inchoatos
2081 2543 2131 2582 ex-

531 2631 636 2692 hibent
658 2631 739 2690 haud
760 2649 879 2709 paucos.
902 2630 1065 2688 Praeterea
1078 2628 1206 2698 codices,
1223 2629 1274 2703 qui
1289 2628 1494 2704 Argonautica
1509 2626 1709 2698 tradidenmt,
1721 2645 1862 2686 versuum
1877 2627 1993 2688 ambitu
2006 2629 2133 2688 multum

527 2717 610 2799 ‘inter
631 2759 663 2800 se
685 2736 1126 2798 reseruassemus
1148 2737 1178 2793 n
1200 2734 1281 2794 vrn
1300 2736 1369 2803 aar,
1393 2735 1546 2794 carriotis
1577 2732 1654 2794 riter
1675 2735 1706 2792 u
1730 2733 1809 2793 vm
1831 2737 1898 2811 105,
1927 2735 2133 2813 sangallensis

531 2849 561 2906 in
583 2847 629 2906 I'v
651 2846 710 2906 317
732 2846 831 2905 desiit.
853 2846 896 2905 Ut
918 2845 1010 2923 igitur
1024 2841 1142 2902 scribae
1157 2843 1208 2911 illi,
1223 2840 1332 2918 quibus
1347 2842 1500 2902 Carrionis
1522 2841 1654 2900 codicem
1676 2847 1707 2900 et
1728 2840 1955 2918 Sangallensem
1977 2842 2131 2917 debemus,

534 2964 630 3016 totum
646 2956 841 3034 archetypum
858 2973 980 3012 exarare
993 2953 1161 3023 noluerunt,
1176 2951 1248 3028 quid
1270 2951 1395 3029 impedit
1415 2969 1453 3010 ne
1474 2949 1614 3010 librarios
1636 2970 1760 3027 quoque,
1782 2951 1831 3028 qui
1853 2951 2033 3011 Vaticanum
2054 2959 2137 3012 tram

533 3065 721 3143 scripserunt
742 3064 788 3122 vel
809 3062 1009 3138 neglegentia,
1032 3061 1080 3120 vel
1102 3060 1209 3136 taedio,
1232 3060 1278 3118 vel
1301 3060 1361 3118 alia
1381 3079 1473 3118 causa
1493 3079 1568 3138 opus
1589 3079 1647 3118 non
1672 3057 1839 3118 absolvisse
1862 3059 2065 3119 coniciamus?
2088 3062 2136 3120 An

534 3193 592 3230 non
614 3171 712 3248 potuit
733 3168 929 3246 archetypum
957 3169 1056 3245 ipsum
1077 3166 1216 3226 Vaticani
1236 3168 1300 3225 sive
1320 3164 1511 3224 librariorum
1537 3165 1731 3242 neglegentia
1751 3166 1815 3225 sive
1836 3172 2005 3246 temporum
2032 3169 2137 3245 iniqui-

531 3287 594 3340 tate
616 3280 758 3339 extremis
779 3277 858 3337 foliis
879 3275 1036 3337 caruisse?
1058 3275 1175 3348 Quibus
1196 3275 1234 3334 de
1255 3277 1353 3334 causis
1367 3275 1487 3334 Heinsii
1501 3275 1689 3350 sententiam,
1704 3277 1841 3350 quamvis
1856 3277 2032 3336 certissimis
2047 3297 2137 3356 argu-

536 3389 645 3448 mentis
665 3386 787 3466 probari
809 3394 946 3463 nequeat,
966 3392 1067 3446 tamen
1088 3391 1123 3444 ut
1142 3386 1286 3462 pot-iorem
1309 3384 1513 3463 recipiendam
1533 3402 1599 3443 esse
1620 3382 1686 3441 sine
1700 3381 1761 3441 ulla
1775 3381 1963 3443 dubitatione
1984 3383 2135 3444 confirmo.

613 3493 699 3554 Haec
720 3493 813 3554 habui
826 3513 901 3570 quae
916 3492 954 3551 de
967 3493 1081 3552 Valerii
1101 3491 1204 3551 Flacci
1219 3493 1283 3551 vita
1297 3496 1328 3550 et
1344 3492 1475 3550 carmine
1489 3508 1543 3568 pro
1557 3495 1691 3567 tempore
1706 3488 1846 3548 dicerem.
1862 3488 1947 3566 Vale,
1962 3492 2002 3548 mi
2017 3489 2137 3562 Lector,

536 3608 566 3664 et
587 3621 684 3679 pauca
698 3583 929 3678 'typothetarum
950 3599 1033 3674 vitia,
1058 3618 1133 3674 quae
1154 3598 1348 3676 irrepserunt,
1370 3594 1500 3674 benigne
1521 3613 1639 3654 excusa.

677 3812 786 3884 Scripsi
805 3811 925 3884 Neapoli
945 3827 1044 3865 mense
1062 3809 1140 3864 Maio
1159 3807 1295 3864 MCMIV.

1801 4027 1834 4086 O.
1858 4026 2051 4088 Gmaaarauo.
