4872 6432
505 420 582 474 XIV
1056 415 1376 472 PROLEGOMENON
1394 417 1522 471 CAPV'I'
1543 417 1567 471 I.

584 571 742 632 Patefacta
764 572 900 632 codicum
921 573 1073 642 memoria,
1096 571 1215 649 plurimi
1236 577 1305 648 post
1326 569 1482 630 Thilonem
1504 571 1542 629 ad
1564 572 1771 648 Argonautica
1784 570 1973 630 emendanda
1993 589 2026 628 se
2043 589 2115 628 ccu-

507 681 649 756 tulerunt,
666 701 739 757 quos
762 683 792 739 in
813 681 912 740 indice
926 681 1038 740 nostris
1058 680 1278 758 prolegomenis
1292 681 1458 757 praemisso
1473 681 1712 739 memoravimus:
1728 699 1763 738 ex
1778 677 1824 737 his
1838 678 1997 757 Meyncke.
2013 677 2111 754 Koch,

505 787 619 866 Haupt,
641 788 812 864 Loehbach,
846 791 967 856 Braun,
990 788 1245 860 Hirschwaelder‚
1268 789 1303 846 E.
1325 789 1434 858 Reuss
1456 788 1603 866 Madvig,
1626 787 1773 858 Koestlin,
1796 788 2001 849 Sandstroem.
2025 787 2114 855 Ellis,

510 895 645 970 Damste',
668 897 831 972 Summers,
852 897 903 956 Fr.
925 898 1033 972 Reiiss,
1053 898 1200 975 Postgate
1222 898 1402 974 praesertim
1424 896 1675 956 commemorandi
1697 901 1777 954 sunt.

595 1003 770 1082 Complures
779 1005 895 1064 Valerii
914 1005 1018 1064 Flacci
1038 1007 1192 1064 versiones
1212 1007 1384 1064 extiterunt.
1400 1007 1608 1084 Argonautica
1627 1005 1707 1064 eninr
1728 1007 1759 1062 in
1780 1006 1923 1083 gallicum
1936 1004 1974 1062 A.
1990 1005 2116 1063 Dureau

509 1111 675 1172 Delamalle
697 1111 795 1194 [Paris
817 1113 915 1196 18111,
938 1115 964 1172 Ι.
985 1115 1010 1172 Ι.
1032 1115 1070 1173 A.
1092 1114 1220 1175 Oaussin
1242 1111 1339 1194 [Paris
1364 1114 1461 1196 18281.
1484 1112 1665 1172 ChNisard
1686 1110 1783 1192 [Paris
1806 1110 1904 1192 18431,
1931 1113 1960 1170 in
1983 1113 2114 1170 aleman-

509 1239 581 1278 num
602 1219 638 1278 li.
660 1219 693 1278 C.
716 1219 750 1278 F.
773 1220 973 1281 Wunderlich
994 1219 1113 1303 [Erant
1135 1220 1233 1303 18051,
1255 1221 1294 1279 K.
1310 1222 1344 1280 F.
1361 1221 1560 1280 Wunderlich
1582 1219 1623 1302 [in
1643 1219 1741 1279 Jahns
1763 1220 1886 1279 Archiv.
1901 1217 2053 1299 1843501,
2069 1220 2116 1278 Μ.

512 1325 684 1404 Giirsching
695 1326 722 1409 [Ι
732 1328 783 1388 lib.
793 1329 936 1389 Ansbach
950 1330 1048 1412 18901,
1061 1331 1091 1389 in
1101 1330 1289 1408 hispanicum
1300 1330 1401 1390 Iavier
1414 1331 1452 1389 de
1462 1331 1545 1390 Leon
1555 1330 1744 1408 Bendichoy
1757 1328 1863 1407 Qtiilty
1871 1327 2004 1409 {Madrid
2016 1325 2116 1407 18681,

508 1437 541 1494 in
554 1455 717 1496 suecanum
726 1439 760 1496 P.
769 1437 912 1517 Genberg
923 1437 1022 1520 [Luud
1033 1438 1130 1520 18421.
1143 1440 1174 1497 in
1188 1439 1323 1498 italicum
1334 1459 1500 1498 sermonem
1512 1440 1554 1497 M.
1563 1439 1659 1497 Buzio
1672 1436 1795 1518 [Milano
1805 1434 1902 1517 1731],
1910 1437 1952 1494 M.
1960 1435 1998 1494 A.
2006 1434 2118 1492 Pinde-
2188 1415 2193 1426 ’

511 1545 611 1600 monte
627 1539 757 1621 [Verona
771 1543 869 1624 17761,
883 1543 919 1602 G.
930 1545 1033 1603 Pirani
1049 1543 1075 1625 [Ι
1089 1543 1139 1603 lib.
1155 1547 1186 1603 in
1202 1543 1345 1623 Opuscoli
1360 1545 1502 1622 religiosi.
1515 1543 1774 1622 Maggio·Giugno
1787 1539 1874 1623 1883]
1891 1545 2118 1600 converterimt.

590 1645 693 1704 Prima
715 1648 808 1725 igitur
829 1655 937 1724 aetate,
949 1654 983 1707 ut
1005 1669 1080 1726 quae
1096 1652 1202 1725 cuique
1223 1651 1383 1728 perspicua
1397 1651 1457 1707 sint
1471 1648 1558 1708 brevi
1580 1648 1770 1725 complectar,
1788 1645 1962 1724 apographa
1976 1645 2118 1704 Vaticani

511 1752 551 1811 ab
572 1753 658 1812 Italis
679 1756 868 1834 interpolata,
890 1758 1009 1835 integre
1030 1765 1244 1836 regnaverunt.
1266 1761 1292 1816 si
1312 1759 1399 1817 Pium
1421 1759 1595 1836 excipimus,
1618 1759 1668 1834 qui
1689 1777 1724 1816 ex
1745 1756 1893 1816 Vaticano
1915 1754 2024 1815 multos
2037 1755 2119 1812 locos

512 1862 624 1940 optime
647 1863 794 1934 restituit;
817 1863 912 1922 altera
933 1884 1015 1936 vero,
1037 1885 1096 1941 qna
1117 1865 1211 1925 codex
1229 1865 1382 1925 Carrionis
1402 1884 1480 1924 unus
1502 1866 1562 1924 dux
1584 1865 1840 1942 inArgonauticis
1855 1861 2051 1922 emendandis
2066 1861 2118 1920 ha-

511 1966 594 2025 bitus
609 1973 663 2042 est,
679 1969 810 2027 omnium
833 1975 965 2030 aetatum
987 1971 1192 2031 infelicissima
1213 1979 1259 2032 est
1282 1974 1448 2046 censenda3
1471 1974 1562 2032 tertia
1583 1979 1682 2031 autem
1702 1977 1804 2030 utrum
1815 1971 1964 2030 Vaticano
1986 1991 2024 2028 au
2046 1969 2118 2030 Car-

511 2074 603 2132 rionis
625 2075 721 2134 codici
741 2077 809 2154 plus
824 2080 1013 2137 auctoritatis
1033 2079 1228 2140 tribuendum
1249 2087 1330 2140 esset
1346 2081 1404 2140 viri
1414 2081 1495 2140 docti
1516 2100 1575 2138 nou
1597 2081 1810 2154 quaesiverunt
1827 2085 1915 2152 atque
1934 2077 2052 2135 Heinsii
2067 2095 2118 2133 au-

511 2181 651 2239 ctoritate
671 2183 799 2260 permoti
821 2201 879 2240 nou
900 2184 991 2254 nulla,
1014 2182 1052 2242 ab
1074 2203 1108 2242 eo
1130 2185 1317 2262 deprompta,
1345 2185 1565 2244 inconsiderate
1587 2185 1715 2261 amplexi
1736 2190 1822 2256 sunt;
1845 2187 1953 2260 quarta
1980 2182 2118 2256 denique,

513 2288 667 2366 patefacta
687 2309 722 2348 ex
744 2288 879 2348 'Philonis
907 2292 1089 2367 aliorumque
1111 2293 1320 2352 collationibus
1339 2275 1488 2352 librorum¹
1514 2293 1666 2368 memoria,
1698 2311 1774 2368 quae
1806 2293 1911 2367 otiique
1944 2291 2039 2348 codici
2069 2309 2120 2348 au-

513 2398 637 2455 ctoritas
658 2399 698 2455 sit
718 2397 881 2457 tribuenda
901 2404 964 2458 tum
987 2403 1115 2478 primum
1137 2401 1300 2480 disceptari
1324 2409 1460 2480 coeptum
1484 2417 1549 2461 est:
1572 2401 1635 2463 sed.
1658 2407 1690 2459 ut
1713 2407 1810 2476 antea,
1840 2403 1884 2458 sic
1905 2401 2033 2459 maxime
2062 2398 2119 2457 hac

513 2508 613 2562 aetate
635 2505 664 2561 in
686 2523 721 2562 eo
742 2511 898 2582 peccatum
920 2513 966 2566 est
988 2508 1076 2582 quod,
1100 2529 1167 2567 cum
1190 2509 1309 2568 codices
1334 2508 1452 2567 foedius
1473 2529 1563 2585 quam
1583 2529 1615 2568 re
1641 2527 1715 2567 vera
1737 2513 1892 2584 corruptos
1918 2507 2117 2584 putavissent,

515 2609 613 2666 nullus
635 2609 699 2669 fere
720 2631 827 2670 versus
848 2615 954 2690 extitit,
966 2635 1055 2691 quem
1076 2617 1133 2674 viri
1155 2615 1236 2675 docti
1258 2617 1437 2676 coniecturis
1459 2617 1655 2693 supervacuis
1678 2635 1713 2674 ac
1734 2615 1874 2673 violentis
1888 2633 1948 2672 non
1963 2619 2119 2672 vexarent.

595 2715 713 2775 Novam
735 2723 865 2778 aetatem
886 2739 919 2779 se
940 2722 1084 2781 initurum
1098 2723 1197 2781 editor
1207 2743 1302 2782 novus
1325 2743 1383 2781 non
1404 2721 1570 2800 profitetur,
1587 2721 1650 2792 sed,
1665 2741 1734 2780 cum
1754 2740 1831 2797 quae
1847 2721 1928 2779 inter
1950 2719 2044 2779 libros
2059 2740 2120 2778 ma·

515 2825 687 2901 nuscriptos
711 2827 788 2884 ratio
810 2828 1016 2887 intercesserit
1036 2850 1169 2906 quaeque
1185 2831 1313 2908 singulis
1342 2831 1497 2890 codicibus
1519 2831 1684 2889 auctoritas
1712 2831 1751 2888 sit
1779 2828 1942 2888 tribuenda
1970 2848 2005 2887 ex
2033 2827 2121 2886 hiiius

515 2930 713 3008 praefationis
736 2936 833 3012 capite
854 2938 945 2995 tertio
967 2938 1047 2997 clare
1067 2943 1171 3016 pateat
1192 2959 1352 3014 omnesque
1373 2939 1438 2998 fere
1453 2940 1585 2997 virorum
1597 2939 1754 2997 doctorum
1776 2936 1965 2995 coniecturae
1980 2955 2040 2993 une
2053 2955 2122 2993 cum

516 3034 651 3094 codicum
674 3039 852 3100 lectionibus
874 3043 904 3100 in
925 3045 1005 3102 notis
1027 3045 1120 3102 textui
1142 3044 1287 3104 subiectis
1309 3046 1509 3124 reperiantur,
1532 3050 1635 3123 sperat
1655 3043 1720 3102 fore
1735 3049 1767 3101 ut
1783 3043 1840 3100 viri
1856 3042 1936 3102 docti
1952 3042 2119 3119 scripturas

515 3142 652 3202 codicum
668 3146 802 3224 integras
816 3153 958 3207 tueantur
972 3151 1103 3226 locisque
1117 3153 1267 3231 corruptis
1281 3153 1404 3210 meliore
1419 3151 1541 3210 fortuna
1554 3157 1750 3210 succurrant:
1771 3149 1891 3226 quodsi
1906 3149 1955 3208 vel
1970 3169 2007 3206 ex
2024 3148 2123 3224 aliqua

515 3255 602 3326 parte
624 3249 737 3312 lactiun
759 3256 825 3327 erit,
848 3277 906 3315 non
928 3261 1046 3318 omnino
1067 3279 1142 3337 opus
1163 3261 1332 3337 perdidisse
1353 3259 1412 3318 sibi
1433 3258 1596 3320 videbitur.

1190 3506 1370 3581 CAPVT
1398 3508 1447 3580 H.

598 3681 630 3740 Si
651 3703 741 3742 unttm
756 3685 933 3759 Quintiliani
950 3691 1045 3746 locum
1061 3691 1092 3767 1),
1108 3688 1160 3747 ubi
1178 3688 1289 3748 Valerii
1306 3708 1386 3746 mors
1401 3691 1560 3747 immatura
1579 3689 1710 3764 lugetur,
1726 3687 1912 3762 alterumque
1926 3685 2080 3744 Iuvenalis
2095 3689 2119 3760 2)

515 3790 687 3866 excipimus,
710 3813 746 3851 ex
768 3814 825 3868 quo
845 3795 1000 3856 Valerium
1021 3818 1096 3876 opus
1118 3799 1256 3856 suumin
1277 3797 1398 3876 publico
1420 3799 1597 3856 recitavisse
1617 3801 1701 3855 recte
1722 3795 1882 3871 colligitur,
1904 3794 2018 3852 nullum
2040 3792 2123 3851 aliud

515 3897 718 3958 testimonium
734 3902 770 3960 de
782 3901 902 3964 Valerio
915 3905 1025 3966 Flacco
1040 3908 1121 3984 apud
1136 3913 1254 3966 veteres
1270 3907 1402 3984 reperire
1418 3923 1591 3984 possumus3
1614 3923 1720 3979 quare
1736 3903 1773 3961 de
1788 3904 1853 3962 vita
1867 3903 1931 3959 eius
1946 3902 2025 3958 iuter
2038 3900 2122 3958 viros

516 3997 621 4058 doctos
642 4005 731 4064 valde
753 4006 939 4085 disputatum
960 4018 1014 4083 est,
1030 4031 1085 4072 nec
1106 4014 1200 4071 multa
1221 4019 1292 4071 sunt
1313 4033 1389 4088 quae
1403 4014 1482 4071 onrni
1504 4031 1576 4070 sane
1597 4009 1812 4089 probabilitate
1826 4009 2009 4067 constituere
2025 4007 2124 4064 liceat.

596 4109 730 4170 Primum
751 4115 871 4191 quidem
892 4119 930 4177 de
951 4125 1057 4197 poetae
1078 4119 1248 4179 nominibus
1269 4120 1463 4180 vehementer
1486 4118 1659 4196 ambigitur.

597 4217 689 4296 Apud
704 4220 917 4292 Quintilianum
941 4226 999 4285 duo
1020 4229 1139 4286 nomina
1153 4235 1270 4286 tantum
1285 4235 1388 4287 nostro
1402 4235 1508 4305 potitae
1523 4226 1706 4296 tributmtur,
1723 4224 1831 4300 quibus
1846 4225 1877 4282 in
1892 4223 2087 4300 inscriptione
2101 4223 2114 4263 ³
2117 4231 2126 4296 i

518 4323 630 4382 codicis
650 4325 780 4387 Parisini
809 4331 887 4390 7647
917 4355 1097 4410 praenomen
1126 4335 1257 4394 additur.
1279 4336 1333 4394 sed
1361 4336 1392 4393 in
1422 4335 1526 4394 codice
1553 4334 1701 4393 Vaticano
1721 4331 1811 4406 3277,
1834 4331 1864 4390 in
1890 4329 2073 4404 Monacensi,
2096 4329 2126 4385 in

519 4427 631 4487 codicis
653 4429 858 4509 Sangallensis
887 4438 1069 4516 apographis
1092 4439 1185 4499 Setini
1211 4441 1305 4499 Balbi
1327 4441 1492 4514 nominati,
1509 4458 1635 4516 quorum
1655 4445 1756 4495 tamen
1787 4453 2027 4510 nonnumquam
2052 4431 2127 4490 ordo

592 4623 613 4693 ¹)
632 4624 730 4680 instit.
750 4635 821 4683 orat.
840 4631 869 4684 X
887 4647 905 4697 ι,
925 4633 973 4686 9οῑ
993 4635 1120 4688 multum
1139 4641 1169 4688 in
1188 4635 1304 4688 Valerio
1322 4633 1426 4688 Flacco
1444 4651 1536 4706 nuper
1553 4636 1715 4686 amisimus

593 4724 615 4794 2)
635 4725 729 4781 Satur.
749 4727 764 4782 1
783 4730 856 4784 7-11:
871 4731 947 4786 Nota
966 4739 1062 4804 magis
1079 4734 1153 4788 nulli
1172 4735 1276 4788 domus
1295 4751 1356 4801 sua,
1376 4751 1464 4803 quam
1483 4732 1557 4785 mihi
1575 4732 1659 4784 lucus

867 4829 971 4885 Martis
990 4839 1020 4885 et
1038 4833 1150 4887 Aeoliis
1168 4836 1297 4886 vicinum
1316 4831 1436 4904 rupibus
1455 4837 1572 4885 antrum

868 4929 1004 4998 Vulcani3
1025 4929 1094 5000 quid
1113 4937 1203 5000 agant
1221 4934 1309 4997 venti,
1329 4947 1400 4999 quas
1419 4933 1553 4998 torqueat
1571 4927 1689 4981 umbras

871 5028 992 5094 Aeacus,
1012 5027 1088 5082 unde
1107 5028 1182 5081 alius
1200 5026 1328 5081 furtivae
1347 5027 1472 5081 devehat
1490 5044 1595 5080 aurum

601 5197 605 5200 -
870 5125 1031 5198 pelliculae,
1051 5131 1174 5196 quantas
1194 5126 1337 5179 iaculetur
1355 5107 1518 5195 Moiiychus
1537 5141 1630 5178 ornos.

594 5225 616 5295 ¹³)
635 5224 726 5278 Gaius
745 5223 880 5278 Valerius
899 5223 1019 5277 Flaccus
1038 5227 1070 5276 in
1089 5227 1183 5294 primo
1202 5223 1429 5291 Argonauticon.

594 5323 616 5392 ⁴)
636 5321 670 5374 G.
686 5320 819 5374 Valerius
832 5319 953 5373 Flaccus
966 5319 1083 5373 Setinus
1094 5319 1203 5373 Balbus
1216 5317 1292 5391 [Vat.
1307 5319 1378 5373 3277
1392 5319 1440 5372 lib.
1453 5318 1493 5388 V;
1506 5319 1617 5372 Monac.
1633 5318 1681 5372 lib.
1694 5318 1717 5386 I,
1731 5319 1770 5386 H,
1786 5319 1835 5388 IV,
1848 5319 1881 5386 V,
1895 5318 1945 5383 VI,
1959 5319 2024 5384 vii,
2037 5317 2130 5391 viiii,

523 5417 557 5471 G.
579 5417 712 5472 Valerius
731 5417 851 5471 Flaccus
869 5417 978 5472 Balbus
998 5417 1115 5470 Setiuus
1137 5415 1212 5488 [Vat.
1232 5415 1303 5469 3277
1323 5415 1372 5469 lib.
1385 5415 1429 5485 11;
1450 5414 1546 5470 Ottob.
1561 5415 1734 5484 125811b.1;
1749 5415 1814 5468 Vat.
1830 5413 2009 5488 16131ib.1]‚
2024 5413 2059 5468 G.
2075 5413 2132 5466 Va·

524 5517 614 5570 lerius
633 5517 753 5570 Flaccus
770 5517 887 5571 Setinus
908 5515 983 5589 [Vct.
1003 5516 1073 5569 3277
1093 5514 1142 5568 lib.
1161 5514 1212 5582 IV,
1233 5515 1283 5579 vi,
1304 5515 1369 5584 vil.
1389 5515 1471 5580 Vssl;
1496 5513 1607 5569 Monac.
1628 5514 1676 5568 lib.
1696 5513 1762 5585 IIIl.
