4872 6432
848 472 1171 530 PBOLEGOMKNON
1190 477 1319 532 earth
1338 477 1389 532 II'.
1795 481 1910 534 KLVll

303 618 416 701 [Weitz
438 631 468 682 et
489 625 627 708 Caussin}
650 629 696 686 vel
719 629 878 705 prudentia
899 628 984 711 [Pius
1006 637 1036 691 et
1063 631 1263 714 Burmannus]
1293 636 1526 714 intellegendum
1555 645 1609 697 est.
1639 638 1719 698 Male
1747 639 1916 697 Maserius:

304 731 401 788 minor
422 732 579 808 dignitate.
662 737 722 796 368
742 738 798 796 hoc
819 739 883 798 loco
905 739 943 798 (15
964 745 1098 818 tempore
1121 743 1170 818 agi
1190 763 1247 818 quo
1268 741 1323 804 flos
1344 747 1393 804 ille
1415 745 1454 804 ab
1476 746 1591 806 Hecate
1613 749 1804 826 colligeretur
1825 755 1908 809 recte

304 835 385 905 Pius,
408 836 560 915 Heinsius⁷
582 840 775 902 Burmannus
796 843 937 903 arbitrati
960 851 1039 904 sunt.
1063 847 1212 906 Maserius
1232 849 1339 926 aliique
1354 856 1484 910 mentem
1498 857 1603 928 poetae
1618 872 1676 911 non
1690 853 1910 914 intellexerunt.

386 943 447 1003 394
474 946 587 1008 Venus:
607 947 664 1006 dea
685 949 809 1024 scilicet,
832 969 891 1008 non
914 951 999 1010 sidus
1020 957 1053 1009 ut
1074 955 1245 1030 nuperrime
1266 955 1351 1032 Bury
1368 956 1531 1016 contendit.
1614 960 1671 1017 441
1688 962 1763 1020 banc
1778 961 1908 1020 anianum

221 1089 232 1107 .
300 1073 378 1128 pars
398 1074 489 1115 saera
511 1058 648 1117 manahat
668 1058 804 1130 fannis:
825 1059 973 1117 immerito
994 1059 1070 1120 haec
1090 1060 1184 1121 verba
1205 1063 1306 1121 multis
1328 1070 1470 1143 suspecta
1490 1066 1556 1124 visa
1575 1071 1664 1124 sunt:
1687 1068 1707 1125 ii
1730 1072 1839 1140 autem,
1861 1069 1912 1142 qui

303 1157 439 1218 codicum
461 1162 618 1221 lectionem
640 1169 838 1224 servaverunt
853 1167 945 1224 variis
966 1167 1063 1225 modis
1084 1173 1180 1226 totum
1201 1170 1296 1228 locum
1319 1171 1514 1249 explicarunt.
1526 1171 1667 1231 Vossius:
1683 1193 1750 1232 mea
1764 1174 1864 1232 anima
1877 1194 1912 1234 ex

303 1272 390 1344 parte
411 1273 511 1327 tecum
532 1269 639 1330 fuisset
661 1274 780 1350 sepulta
801 1275 826 1331 si
847 1275 998 1351 periisses.
1022 1274 1133 1334 Contra
1155 1277 1292 1336 Koestlin
1312 1282 1400 1356 putat
1423 1279 1562 1338 Medeam
1583 1287 1717 1356 questam
1740 1300 1807 1339 esse
1832 1281 1911 1356 quod

304 1395 413 1454 corpus
435 1377 551 1438 Iasonis
572 1379 631 1439 sibi
652 1383 856 1459 sepeliendum
878 1391 967 1444 esset.
999 1384 1074 1443 Mihi
1095 1385 1213 1460 quidem
1246 1387 1382 1464 Langeni
1403 1391 1553 1447 sententia
1573 1391 1745 1467 perplacet:
1765 1396 1822 1449 'me
1850 1411 1911 1448 ma-

303 1483 395 1543 nebat
417 1486 580 1564 adspectus
601 1487 718 1550 funeris
739 1493 792 1550 tui.
876 1493 935 1570 441
957 1513 1013 1553 non
1034 1513 1119 1553 meu:
1140 1494 1272 1554 Hecates
1286 1495 1410 1572 scilicet,
1427 1504 1460 1554 ut
1474 1499 1532 1555 iam
1547 1497 1691 1556 Heinsius
1708 1499 1792 1557 vidit.
1807 1498 1911 1557 Minus

302 1598 384 1650 recte
405 1593 571 1652 Maserius:
594 1595 717 1656 deorum
742 1599 789 1658 vel
810 1599 943 1669 Iasonis:
966 1600 1104 1678 Wagner
1125 1609 1155 1660 et
1175 1602 1316 1680 Huguet:
1339 1622 1397 1661 non
1418 1606 1516 1662 animo
1537 1603 1681 1664 obsecuta
1695 1625 1767 1680 mea
1784 1605 1838 1664 sed
1854 1606 1909 1662 mi-

301 1699 466 1758 sericordia
486 1703 531 1760 tui
552 1710 719 1778 commota;
742 1705 869 1766 Caussin
883 1727 889 1764 :
904 1705 969 1766 fati.
1052 1711 1108 1766 551
1127 1717 1205 1769 launi
1221 1729 1280 1768 non
1295 1709 1334 1768 ad
1348 1711 1480 1769 Graium.
1503 1719 1536 1769 ut
1557 1711 1741 1789 ineptissime
1764 1712 1906 1788 Schenkl.

301 1806 355 1866 sed
377 1808 417 1866 ad
438 1809 599 1868 draconem
622 1811 815 1872 referendum
837 1820 901 1873 est:
924 1815 1035 1874 Aeetes
1061 1817 1137 1874 enim
1161 1835 1292 1875 amorem
1312 1816 1438 1876 Medeae
1459 1838 1533 1894 erga
1554 1819 1692 1878 Iasonem
1714 1821 1802 1896 plane
1825 1821 1909 1896 igno-

246 1957 249 1963 ·
300 1915 398 1976 rabat.
480 1921 539 1978 552
563 1928 666 1995 15555.Ι
687 1923 807 1982 velleris
830 1943 936 2001 nempe
958 1921 1041 2004 [Pius
1062 1931 1092 1984 et
1114 1923 1216 2006 seqq.].
1231 1945 1289 1984 non
1304 1927 1444 1984 draconis
1459 1925 1607 2006 [Wagner
1629 1933 1659 1986 et
1680 1927 1825 2011 Iluguetl.

301 2027 361 2084 560
382 2029 465 2086 15555
486 2030 712 2088 vexatissimus:
734 2031 806 2106 quid
828 2033 906 2090 enirn
930 2033 1078 2094 55155151
1103 2034 1173 2092 velit
1197 2035 1275 2092 clare
1297 2055 1354 2092 non
1383 2035 1484 2110 liquet.
1506 2035 1579 2094 Pius
1601 2037 1715 2096 caelum
1740 2038 1907 2110 intellexit3

299 2137 458 2212 Maserius,
482 2136 644 2212 d’Orville,
666 2138 787 2214 Harles,
810 2138 948 2215 Caussin,
970 2141 1117 2202 Lemaire.
1140 2142 1275 2219 Regnat,
1297 2143 1486 2219 Nisard7Ph.
1508 2143 1646 2221 Wagner
1668 2163 1807 2217 currum;
1829 2145 1908 2204 Bur·

298 2263 434 2305 mannus.
456 2244 550 2320 Beck.
571 2245 779 2322 Pindemonre,
794 2247 944 2326 Wagner,
966 2248 1142 2324 Delamalle‚
1168 2249 1319 2309 Bendicho
1339 2271 1360 2327 y
1381 2249 1495 2327 Qnilty.
1519 2251 1649 2310 Schenkl
1671 2253 1740 2312 olim
1761 2254 1905 2325 Arctum:

297 2351 392 2410 Buaio
414 2371 509 2426 axem,
521 2371 645 2411 currus:
667 2352 806 2412 Koestlin
828 2357 929 2414 solem.
952 2356 1083 2416 Maserio
1097 2357 1216 2432 quidem
1232 2359 1398 2416 assentior:
1421 2363 1513 2416 totam
1529 2361 1781 2435 comparationem
1795 2362 1906 2439 optime

297 2457 443 2517 d'Orville
457 2459 626 2536 explicavit.
710 2461 770 2520 564
792 2462 978 2536 turpissima:
992 2463 1108 2522 scilicet
1122 2465 1321 2522 remotissima
1335 2462 1426 2545 [Pius.
1442 2465 1584 2536 Perseus,
1595 2463 1748 2539 Barthius,
1761 2465 1904 2540 Mardus,

296 2565 405 2640 Weitz,
427 2565 603 2641 Delanralle.
625 2566 772 2651 Langen].
794 2569 896 2627 Minus
921 2579 1003 2629 recte
1024 2571 1224 2644 Burmannus
1247 2571 1350 2630 Buzio.
1371 2571 1577 2646 Pindemonte,
1598 2570 1745 2650 Wagner,
1767 2573 1903 2648 Huguet‚

295 2675 361 2733 alii:
384 2677 577 2754 amplissima.
661 2679 797 2740 5785151
819 2680 851 2738 id
873 2687 920 2738 est
943 2687 1086 2759 provocat
1101 2678 1183 2759 [Pius
1205 2685 1234 2739 51
1256 2677 1358 2760 seqql.
1381 2681 1461 2739 Male
1482 2681 1631 2738 Maserius
1651 2687 1681 2738 ct
1702 2679 1903 2738 Burmannus:

296 2785 423 2860 repellit.
506 2785 566 2844 619
588 2807 654 2846 ense
674 2787 795 2864 sequaci
820 2788 863 2846 ita
882 2788 1015 2847 Bulaeus
1037 2789 1253 2866 interpretatus
1274 2793 1338 2847 est:
1361 2805 1431 2846 ense
1453 2795 1555 2846 tauros
1570 2788 1770 2865 prosequenti.
1792 2787 1904 2846 Melius

295 2891 368 2950 Pius
389 2899 420 2952 et
441 2914 540 2971 seqq:
563 2914 634 2953 ense
656 2896 795 2954 celeriter
817 2895 939 2954 dextrae
961 2895 1078 2955 Iasonis
1099 2893 1283 2970 obsequenti.
1367 2895 1425 2952 649
1446 2893 1904 2972 5555115511555111551555511-

295 3000 396 3059 cavit:
419 2997 562 3058 eririscht
582 2999 848 3076 hervorgetaucht.
872 2999 998 3059 Rectius
1019 3001 1156 3078 Wagner
1178 3007 1209 3059 et
1231 3019 1322 3076 seqq:
1346 3019 1495 3058 reversus.

376 3106 443 3166 Lib.
466 3107 544 3166 VIII
565 3109 583 3166 6
604 3109 866 3184 virgineis-cittis:
890 3107 1027 3186 Causam,
1050 3109 1183 3186 Huguet,
1196 3109 1322 3186 Langen
1345 3110 1436 3166 vittas
1457 3107 1659 3166 sacerdotales
1681 3107 1901 3180 intellexerunt,

293 3215 411 3292 quibus,
433 3226 467 3275 ut
488 3217 621 3275 Hecates
643 3218 789 3293 ministra,
813 3217 922 3276 Medea
938 3219 1081 3293 insignita
1092 3224 1191 3276 esset:
1214 3218 1333 3294 optime.
1349 3217 1498 3275 Maserius
1512 3222 1541 3275 et
1557 3236 1638 3293 seqq.
1655 3216 1692 3276 (15
1708 3217 1791 3275 vittis
1808 3217 1901 3292 virgi-

293 3323 414 3383 nalibus
429 3326 610 3403 cogitarunt.
693 3325 713 3383 8
726 3325 821 3386 somni
832 3342 841 3382 :
853 3325 992 3384 Koestlin
1007 3333 1036 3384 et
1050 3326 1113 3386 Leo
1127 3327 1276 3404 explicant
1291 3326 1328 3384 de
1343 3325 1452 3384 Somno
1467 3325 1531 3400 deo.
1545 3326 1629 3382 ouius
1643 3331 1773 3384 statuam
1789 3325 1900 3384 Medea

293 3435 323 3491 in
346 3433 483 3493 cubiculo
512 3433 668 3492 habuerit:
698 3433 752 3492 sed
772 3434 830 3494 hoc
850 3436 915 3494 loco
941 3435 1050 3494 Medea
1071 3437 1101 3494 in
1123 3435 1295 3494 memoriam
1325 3440 1446 3492 revocat
1471 3434 1569 3492 dirum
1592 3434 1665 3492 illud
1693 3434 1839 3492 somnium
1862 3433 1899 3492 de

290 3531 400 3614 5551τ
421 3539 546 3597 333-40.
632 3540 668 3596 16
690 3540 854 3616 spernendo
885 3559 942 3597 non
964 3540 1003 3598 ad
1024 3540 1164 3598 Medeam
1191 3536 1381 3619 {Maeer·ius{.
1404 3537 1458 3596 sed
1481 3538 1519 3596 ad
1541 3537 1740 3596 medicamina
1764 3534 1848 3617 [Pius
1869 3547 1900 3598 et

292 3647 385 3730 seqq]
416 3647 607 3706 referendum
628 3659 683 3705 est.
767 3649 802 3705 21
825 3648 949 3723 prosilit
970 3668 1029 3706 non
1051 3668 1066 3706 e
1089 3648 1220 3706 thalamo
1248 3643 1451 3728 [Burmannus
1472 3655 1503 3704 et
1525 3645 1647 3726 Buaiol.
1670 3646 1724 3704 sed
1746 3666 1762 3704 e
1785 3647 1898 3724 palatio

293 3755 442 3838 {Wagner
457 3763 487 3814 et
502 3755 605 3836 seqq.].
689 3757 727 3814 22
743 3757 888 3830 [5511555
903 3756 1031 3834 pedihus
1046 3764 1158 3815 terram
1174 3753 1396 3836 [Burrnannusl.
1412 3754 1466 3812 sed
1481 3774 1551 3813 ense
1573 3755 1727 3831 scopulum
1749 3751 1899 3835 [Wagner

292 3871 323 3924 et
344 3862 446 3945 seqq.].
529 3865 568 3922 29
590 3865 701 3924 uelutis
728 3866 865 3925 cornibus
893 3867 976 3924 varie
1006 3867 1060 3923 viri
1084 3865 1164 3925 docti
1194 3865 1381 3942 interpretati
1404 3869 1483 3921 sunt.
1512 3862 1585 3920 Pius
1606 3862 1644 3922 de
1664 3863 1828 3941 plenilmrio
1849 3883 1897 3922 oo

289 3973 417 4050 gitarit;
439 3972 579 4049 Wagner
601 3971 638 4030 de
660 3973 801 4050 ecclipsi;
824 3972 1032 4042 Burmannus.
1058 3973 1233 4032 Delamalle.
1256 3971 1410 4030 Bendicho
1431 3991 1451 4048 y
1472 3968 1578 4048 Quiny
1600 3969 1637 4028 (15
1659 3968 1809 4041 nubibus:
1832 3971 1898 4029 Ma-

289 4079 394 4152 serius,
411 4077 547 4148 Causam,
562 4078 698 4155 Huguet,
714 4079 839 4156 Langen
856 4080 893 4138 de
908 4080 1068 4158 splendore
1083 4080 1238 4138 imminuto
1254 4077 1378 4156 pudoris
1393 4061 1486 4135 causa
1494 4097 1500 4134 :
1522 4083 1708 4153 postremum
1730 4077 1815 4134 malo.

289 4186 325 4240 51
351 4185 486 4243 abactam
507 4185 580 4242 Pius
596 4185 773 4262 explicavit:
795 4187 888 4262 longe,
906 4174 1036 4244 duhtam.
1058 4186 1249 4244 Burmannus
1272 4193 1302 4242 et
1322 4203 1422 4259 seqq:
1445 4183 1580 4255 eiectam,
1604 4181 1810 4259 repudiatam:
1833 4201 1895 4240 rne-

290 4291 356 4348 lius.
438 4292 478 4349 62
500 4298 565 4351 5515
587 4293 705 4370 magica
726 4293 864 4352 Medeam
886 4292 1025 4352 effecisse
1046 4313 1083 4352 ne
1104 4293 1242 4352 Iasonem
1265 4292 1449 4368 conspiceret
1472 4291 1564 4347 draco
1585 4288 1722 4362 Caussin,
1745 4287 1892 4358 liernaire,

287 4398 420 4476 Huguet.
442 4399 589 4472 Koestlin,
613 4401 738 4477 Langen
753 4408 836 4460 recte
852 4403 1052 4461 coniecerunt.
1135 4402 1174 4459 Bi
1197 4402 1279 4459 varie
1301 4399 1379 4458 hunc
1401 4399 1497 4456 locum
1518 4398 1575 4454 viri
1598 4395 1678 4454 docti
1700 4396 1888 4473 explicarunt

287 4512 318 4565 et
339 4507 584 4567 emendaverunt.
613 4508 757 4568 Codicum
779 4511 934 4570 lectionem
965 4513 1073 4569 retinui
1096 4511 1139 4568 sic
1161 4510 1329 4586 explicans:
1352 4507 1443 4565 draco
1465 4525 1497 4564 se
1519 4505 1651 4563 excussit
1672 4522 1709 4562 ne
1731 4523 1822 4580 super·
1846 4523 1894 4561 ar-

287 4613 389 4674 borem
404 4616 508 4674 dulces
522 4636 640 4674 somnos
655 4625 785 4694 caperet.
869 4620 909 4714 {20
924 4620 1049 4692 refluens
1063 4619 1173 4694 optime
1189 4617 1379 4674 Burmannus
1394 4623 1423 4673 et
1439 4615 1565 4691 Langen
1591 4612 1781 4690 interpretati
1803 4615 1890 4668 sunt:

285 4727 367 4781 retro
387 4722 490 4793 fluens.
514 4726 627 4782 amari
650 4723 808 4784 adientes
830 4745 936 4784 versus
963 4724 1070 4784 fluens.
1094 4723 1207 4784 Contra
1226 4723 1318 4781 Pius:
1341 4724 1370 4780 in
1393 4721 1480 4780 aliam
1506 4729 1622 4799 partem
1645 4716 1758 4779 fluens:
1780 4717 1891 4777 Pinde-

285 4837 394 4890 mouto.
409 4831 555 4910 Wagner.
578 4831 714 4906 Caussin⁷
730 4832 918 4911 Peerlkamp
934 4833 1082 4892 Koestlin:
1105 4831 1267 4899 exundans,
1291 4830 1370 4888 ultra
1392 4831 1473 4908 ripas
1495 4825 1619 4887 effusus.
1702 4825 1894 4886 9455555115

285 4939 362 4996 male
383 4940 558 5014 genetivum
579 4938 706 4998 Caussin
727 4945 758 4997 et
778 4939 903 5017 Huguet
926 4940 1158 4998 intellexerunt:
1180 4937 1382 4996 nominativus
1403 4937 1481 4995 enim
1497 4941 1578 4994 recte
1593 4935 1769 5011 explicatur.
1853 4935 1893 4992 aa

285 5045 431 5124 Wagneri
464 5047 673 5124 interpretatio
704 5049 747 5106 ita
771 5067 803 5106 se
826 5046 934 5106 habet:
956 5048 1112 5125 praeclare
1134 5053 1232 5106 tecum
1254 5046 1302 5120 agi
1325 5051 1432 5122 putes.
1455 5043 1534 5119 quod
1555 5044 1637 5102 vitae
1659 5043 1767 5100 saltem
1788 5061 1894 5120 peper-

285 5155 398 5214 cerim:
419 5154 475 5214 sed
496 5155 581 5214 male.
602 5155 715 5214 Sensus
743 5161 805 5214 est:
835 5175 890 5214 nec
911 5161 941 5214 te
962 5157 1069 5214 saltem
1097 5155 1210 5233 peremi
1234 5159 1266 5211 ut
1288 5150 1430 5211 acerbum
1458 5151 1610 5228 effugeres
1639 5151 1771 5209 dolorem
1792 5151 1841 5226 qui
1864 5157 1894 5208 te

281 5281 352 5320 cras
374 5269 474 5322 manet
495 5261 578 5344 [Pius
599 5269 630 5322 et
651 5263 753 5344 seqq.].
839 5265 892 5323 101
912 5265 1015 5324 umbro
1034 5283 1093 5321 non
1109 5261 1225 5321 arboris
1248 5259 1339 5341 [Pius.
1362 5259 1563 5332 Bunnannus,
1578 5259 1725 5317 Lemaire.
1741 5255 1894 5338 Huguetl:

280 5369 337 5428 sed
358 5371 452 5446 ipsius
474 5371 613 5430 draconis
634 5369 798 5452 [Barthius
822 5371 973 5448 Wagner.
998 5368 1146 5451 05555151.
1232 5370 1290 5426 110
1309 5387 1365 5443 per
1388 5367 1506 5442 iprum:
1527 5367 1699 5445 peripsum
1721 5365 1892 5425 draconem.

280 5483 313 5535 ut
336 5477 526 5538 Burmannus
547 5488 577 5538 et
598 5500 679 5556 5555.
710 5481 821 5540 Contra
844 5480 935 5537 Pius:
967 5499 1021 5557 per
1048 5485 1078 5538 te
1107 5480 1223 5556 ipsum:
1253 5477 1299 5533 vir
1321 5475 1428 5533 doctus
1449 5475 1478 5532 in
1501 5493 1595 5550 marg.
1623 5474 1700 5533 Bon.
1723 5474 1737 5531 1
1759 5481 1788 5532 51
1811 5473 1891 5531 Ben-
