4872 6432
496 411 521 465 L
1024 406 1344 465 PROLIIGOMIINON
1362 409 1491 466 CAPVT
1511 410 1546 465 V.

576 565 681 642 Itaque
696 570 874 642 argumenta
884 564 993 641 quibus
1007 565 1106 643 opinio
1116 565 1280 624 communis
1294 563 1515 641 iirloiturquam
1526 565 1757 643 diligentissime
1768 568 1850 646 potui
1864 569 1985 646 exposui
1997 568 2106 626 omnia:

496 691 575 730 nunc
597 674 693 730 restat
712 676 746 730 ut
767 671 887 748 singula
907 689 975 730 esse
996 669 1113 730 'urfirma
1133 671 1315 730 evincamus.

578 775 674 851 Quam
696 779 864 856 opinionem
878 781 925 838 tot
939 775 1239 836 commentationibus
1260 775 1418 854 probatam
1440 777 1636 854 omnibusque
1650 777 1714 838 fere
1736 779 1811 838 viris
1831 779 1929 839 doctis
1951 787 2104 858 receptam

496 905 564 944 oum
585 886 689 964 paucis
714 891 831 944 tanturn
855 885 984 964 pageIIIs
1005 889 1140 946 evertere
1162 884 1234 942 mihi
1254 885 1479 963 proposuerim,
1502 906 1644 962 magnum
1666 887 1786 964 quidem
1807 885 1940 948 laborem
1968 889 2106 966 suscepi:

496 990 550 1050 sed
571 991 642 1067 quin
657 997 901 1068 argmnentorum
922 992 1079 1052 momentis
1095 991 1193 1069 magis
1214 1000 1310 1069 quam
1324 1010 1447 1050 numero
1462 991 1704 1052 adversariorum
1724 991 1860 1053 futurum
1870 995 1911 1053 sit
1928 999 1961 1054 ut
1976 996 2106 1055 lectores

497 1100 583 1176 aequi
604 1105 848 1160 commoveantur
868 1102 989 1160 minime
1011 1098 1124 1160 dubito.

576 1210 676 1283 Atque
697 1209 825 1286 primum
847 1209 967 1284 quIdem
990 1208 1064 1267 duos
1084 1208 1150 1266 illos
1165 1209 1246 1268 locos
1259 1210 1366 1268 missos
1381 1207 1528 1268 faciamus
1540 1209 1593 1296 ubi
1606 1215 1727 1288 poetam
1749 1210 1823 1270 duos
1837 1211 1971 1271 eiusdem
1985 1217 2107 1270 senten-

496 1317 557 1374 tiae
577 1333 685 1374 versus
699 1315 738 1374 ud
759 1315 930 1392 eligendum
951 1317 1086 1394 posuisse
1108 1317 1166 1374 viri
1187 1315 1268 1374 docti
1282 1320 1483 1393 putaverunt:
1506 1337 1576 1376 nam
1596 1317 1634 1376 de
1655 1317 1795 1378 versibus
1809 1317 1839 1375 V
1859 1319 1973 1377 565-66
1995 1318 2108 1377 alteru-

496 1426 577 1480 trum
599 1419 638 1480 ab
653 1422 866 1499 interpolatore
886 1422 1016 1497 quodam
1038 1420 1174 1480 additum
1188 1440 1255 1480 esse
1269 1420 1323 1480 Ph.
1335 1421 1474 1501 Wagner
1485 1428 1568 1482 recte
1579 1425 1694 1490 statuit,
1717 1443 1823 1483 versus
1848 1429 1956 1500 autem,
1972 1424 2022 1500 qui
2036 1429 2106 1502 post

497 1528 562 1587 Vll
582 1529 639 1586 201
663 1528 694 1586 in
714 1527 861 1587 Vaticano
882 1528 1003 1605 legitur,
1018 1525 1135 1586 librarii
1155 1525 1276 1602 quidem
1303 1529 1436 1587 incuriae
1457 1526 1636 1588 tribuendus
1658 1533 1713 1588 est.
1737 1527 1879 1588 Ceterum
1899 1530 1937 1587 iis
1956 1530 2030 1588 locis
2051 1547 2107 1607 per

497 1653 531 1693 se
551 1653 690 1712 magnam
706 1634 974 1711 argumentationis
999 1634 1060 1693 vim
1081 1634 1145 1711 ipse
1166 1634 1272 1692 Peters
1292 1653 1352 1693 non
1366 1634 1542 1694 vindIcavit.
1565 1634 1767 1694 Transeamus
1789 1653 1869 1693 nunc
1890 1633 1930 1692 ad
1950 1653 2001 1693 eos
2022 1634 2103 1692 locos

496 1742 549 1802 ubi
570 1748 659 1821 poeta
672 1740 731 1801 sibi
752 1761 808 1800 nou
825 1741 995 1800 constitisse
1011 1741 1082 1800 viris
1097 1741 1194 1800 doctis
1215 1743 1299 1800 visus
1320 1749 1375 1800 est.
1392 1741 1459 1801 Non
1480 1742 1576 1801 nullos
1591 1762 1627 1800 ex
1641 1741 1687 1800 his
1701 1742 1761 1802 iam
1774 1742 1829 1802 Ph.
1844 1743 1983 1819 Wagner
1998 1742 2107 1818 aliique

497 1849 609 1926 optime
618 1848 852 1926 explicaverunt,
874 1847 958 1906 velut
977 1847 1011 1906 II
1023 1847 1081 1905 174
1096 1843 1161 1927 [Ph.
1175 1845 1336 1928 Wagner]‚
1353 1847 1405 1906 III
1418 1845 1555 1929 3281Ph.
1567 1847 1785 1930 Wagner],I.lI
1797 1849 1855 1908 341
1870 1846 1934 1929 [Ph.
1948 1844 2106 1928 Wagner]‚

499 1956 545 2018 IV
559 1958 620 2016 200
639 1954 807 2038 [Schenkl]:
829 1956 945 2031 reliqua
965 1960 1065 2014 autem
1086 1956 1231 2033 exempla,
1252 1976 1328 2032 quae
1350 1957 1407 2015 viri
1422 1957 1502 2016 docti
1517 1959 1692 2034 attulerimt,
1707 1957 1764 2016 hoc
1777 1956 1865 2016 modo
1880 1954 2107 2034 interpretanda

499 2064 646 2154 censeol
666 2064 705 2123 43
726 2063 842 2142 Phryxi
863 2063 986 2122 caedem
1006 2061 1086 2122 fictis
1106 2063 1210 2124 verbis
1225 2065 1325 2123 Pelias
1344 2064 1447 2126 Iasoni
1467 2067 1614 2138 narravit,
1635 2085 1692 2143 quo
1712 2065 1811 2142 magis
1832 2065 1964 2123 animum
1985 2061 2109 2122 eiusad

499 2192 607 2233 munus
628 2170 851 2249 suscipiendum
872 2171 1019 2230 excitaret
1039 2177 1070 2230 et
1091 2172 1220 2248 quadam
1243 2171 1408 2232 honestatis
1422 2174 1522 2251 specie
1537 2174 1619 2232 iussa
1632 2172 1767 2232 crudelia
1786 2175 1913 2248 tegeret.
1934 2171 1951 2230 I
1972 2172 2029 2230 301
2046 2170 2108 2230 Do-

498 2282 614 2341 donaea
627 2297 754 2354 quercus
769 2280 928 2338 somnianti
942 2278 1044 2338 Iasoni
1058 2281 1145 2358 plura
1159 2279 1242 2357 dicit,
1257 2299 1402 2358 praesens
1417 2286 1516 2339 autem
1531 2280 1560 2338 V
1581 2281 1620 2340 65
1640 2299 1744 2340 omnes
1758 2279 1899 2339 admonet
1919 2285 1953 2337 ut
1973 2277 2108 2354 Erginus

498 2404 607 2445 navem
621 2387 717 2460 regat:
733 2389 765 2442 at
778 2390 867 2462 poeta
881 2385 1038 2444 materiam
1053 2386 1179 2445 ornandi
1193 2390 1224 2445 et
1238 2385 1368 2463 augendi
1382 2387 1509 2465 cupidus
1523 2386 1601 2446 hanc
1615 2387 1792 2446 varietatem
1807 2385 1943 2445 consulto
1957 2381 2105 2442 adhibuit.

496 2493 544 2551 Ex
557 2491 591 2550 Π
614 2492 671 2550 185
693 2496 725 2549 et
745 2491 804 2550 203
818 2492 959 2569 parvulos
973 2492 1104 2552 nondum
1119 2491 1263 2553 uberibus
1285 2493 1401 2553 ablatos
1422 2493 1638 2554 Lemniadibus
1652 2493 1746 2554 fuisse
1767 2495 1881 2553 elucet:
1900 2495 1990 2570 poeta
2003 2494 2103 2549 autem

498 2600 529 2657 in
549 2595 801 2675 praecedentibus
816 2597 956 2657 versibus
977 2597 1054 2656 dixit
1075 2601 1200 2658 maritos
1213 2618 1269 2677 per
1289 2600 1410 2676 longum
1432 2601 1575 2678 temporis
1589 2601 1720 2678 spatium
1734 2597 1773 2658 ab
1789 2599 1887 2657 insula
1906 2596 2028 2656 afuisse.
2043 2595 2105 2656 Sed

497 2704 569 2780 quid
590 2701 783 2762 mirandum?
805 2703 853 2762 An
874 2701 985 2763 bellum
1006 2723 1052 2764 ex.
1074 2725 1121 2780 gr.
1144 2705 1314 2782 quindecim
1335 2708 1480 2764 mensium
1512 2707 1635 2784 longum
1659 2707 1804 2784 appellari
1831 2703 1959 2780 nequit?
1983 2701 2104 2762 Nullam

496 2813 591 2890 igitur
612 2817 713 2871 extare
734 2830 855 2871 causam
875 2819 947 2891 puto
967 2811 1007 2872 ob
1029 2833 1117 2890 quam
1131 2820 1220 2892 poeta
1233 2813 1292 2874 sibi
1306 2834 1364 2873 non
1381 2816 1551 2874 constitisse
1572 2815 1721 2874 videatur.
1737 2814 1890 2874 Summers
1904 2813 2002 2872 locum
2018 2810 2107 2868 aliter

499 2921 710 3000 explicandum
726 2922 851 2996 censuit,
873 2922 929 2981 sed
938 2923 1028 2982 nimis
1043 2921 1212 2982 artificiose.
1228 2922 1262 2981 Π
1276 2923 1334 2981 381
1357 2923 1505 2983 Hercules
1525 2930 1637 3002 sperat,
1659 2924 1741 2984 velut
1755 2923 1800 2982 IV
1815 2922 1874 2981 583
1888 2921 2030 2992 Phineus,
2042 2919 2107 2979 fore

498 3034 532 3088 ut
547 3029 685 3107 Cyaneae
707 3047 797 3106 rupes
818 3028 929 3088 sistant
943 3049 1001 3088 non
1027 3030 1057 3088 in
1078 3034 1234 3088 aeternum
1255 3029 1309 3089 sed
1330 3038 1474 3107 quantum
1489 3031 1563 3090 satis
1579 3031 1620 3090 sit
1633 3035 1667 3088 ut
1680 3030 1765 3106 Argo
1779 3031 1867 3089 navis
1881 3026 2104 3106 praetervehat:

498 3135 539 3194 nil
561 3135 654 3214 igitur
675 3134 843 3194 mirandum
865 3135 945 3210 quod
965 3141 1054 3213 poeta
1074 3135 1120 3194 IV
1143 3135 1202 3194 708
1224 3141 1254 3194 et
1269 3135 1349 3195 VIII
1372 3136 1429 3194 195
1450 3136 1644 3212 Argonautas
1665 3135 1815 3194 induxerit
1830 3136 1951 3210 ignaros
1966 3132 2104 3211 Cyaneas

499 3261 590 3320 rupes
611 3241 693 3300 Iovis
708 3243 861 3301 voluntate
889 3243 921 3300 in
943 3247 1120 3322 perpetuum
1141 3262 1208 3302 esse
1230 3245 1391 3303 revinctas.
1415 3242 1466 3300 111
1486 3245 1541 3302 301
1559 3244 1656 3320 patris
1669 3260 1773 3302 necem
1788 3260 1822 3300 ex
1838 3246 1940 3301 vatum
1951 3238 2054 3300 verbis
2068 3257 2101 3296 se

498 3350 680 3429 comperisse
701 3350 791 3408 Iason
806 3351 856 3409 ait:
881 3355 987 3409 contra
1000 3369 1035 3410 ex
1050 3350 1083 3409 Π
1098 3350 1114 3408 Ι
1128 3357 1158 3409 et
1171 3350 1235 3410 VII
1249 3352 1310 3409 494
1322 3351 1451 3409 Aesonis
1466 3349 1575 3409 excidii
1588 3367 1656 3408 eum
1667 3350 1755 3426 plane
1766 3350 1904 3424 ignarum
1919 3345 2014 3406 fuisse
2031 3348 2107 3406 satis

497 3459 691 3536 intellegitur.
707 3457 768 3516 Sed
782 3456 855 3531 quid
877 3457 978 3516 obstat
992 3457 1148 3534 quominus
1169 3457 1308 3516 Iasonem
1322 3457 1419 3534 patris
1434 3455 1556 3515 caedem
1570 3456 1652 3514 nulla
1665 3457 1809 3534 temporis
1820 3456 1940 3514 notione
1961 3455 2104 3514 didicisse

497 3564 702 3625 coniciamus?
723 3563 805 3622 Nam
825 3562 906 3640 apud
918 3567 1039 3622 veteres
1053 3563 1198 3621 vaticinia
1212 3561 1394 3640 perobscura
1408 3559 1473 3620 fieri
1488 3560 1634 3620 solebant.
1650 3561 1701 3621 Sic
1716 3561 1891 3640 explicando
1913 3562 2012 3620 omnia
2024 3567 2107 3621 recte

498 3675 577 3732 inter
598 3693 632 3732 se
648 3671 815 3732 cohaerent.
829 3671 856 3729 V
871 3671 930 3729 228
944 3671 1041 3730 vellus
1061 3671 1154 3730 Marti
1174 3690 1295 3730 sacrum
1316 3671 1347 3728 in
1361 3670 1487 3730 Hecatis
1503 3671 1568 3728 luco
1582 3668 1771 3746 servabatur,
1783 3670 1838 3729 sed
1850 3669 1905 3728 hoo
1919 3671 1983 3729 loco
1998 3671 2102 3730 ambra

497 3801 557 3840 non
580 3781 618 3839 ad
633 3781 741 3851 lucum,
754 3780 808 3839 sed
830 3779 868 3838 ad
891 3776 1038 3854 arborem,
1054 3797 1090 3838 ex
1112 3799 1170 3854 qua
1183 3779 1279 3838 vellus
1293 3776 1454 3856 pendebat,
1468 3777 1659 3837 referendum
1674 3783 1729 3856 est,
1745 3798 1830 3855 quae,
1842 3783 1875 3836 ut
1890 3778 1995 3850 vellus,
2010 3779 2103 3838 Marti

498 3896 619 3948 sacrata
640 3894 726 3948 eret:
748 3887 795 3948 cfr
814 3888 878 3947 VH
899 3889 967 3946 519.
980 3888 1140 3966 Hyrcanos
1160 3886 1207 3944 VI
1228 3887 1267 3946 79
1288 3891 1319 3946 et
1341 3888 1400 3945 114
1420 3892 1508 3964 poeta
1523 3886 1646 3962 induxit,
1661 3907 1749 3962 quam
1770 3885 1809 3945 ob
1832 3905 1953 3946 eausam
1975 3888 2102 3946 alterurn

498 4000 595 4058 locum
617 3997 744 4074 Langen
767 4003 949 4074 innuptum,
966 3997 1097 4056 nondum
1119 3996 1158 4056 ab
1180 4003 1301 4056 auctore
1315 3996 1495 4074 perpolitum
1507 3995 1627 4054 Heeren
1638 3996 1791 4056 iudicavit:
1814 3995 1870 4054 sed
1890 3997 2102 4054 neutriasseu-

499 4104 644 4164 tiendum.
669 4106 718 4163 An
739 4104 883 4164 audacius
912 4109 959 4162 est
980 4104 1115 4162 conicere
1135 4102 1290 4162 Valerium
1311 4103 1342 4160 iu
1363 4103 1439 4161 duas
1461 4101 1541 4160 acies
1563 4101 1722 4180 Hyrcanos
1744 4101 1906 4162 divisisse?
1929 4101 2009 4162 idem
2024 4103 2103 4160 euim

499 4214 537 4273 de
552 4211 677 4272 Hiberis
704 4214 828 4288 aliisque
852 4211 995 4289 gentihus
1022 4211 1168 4270 accidisse
1183 4213 1303 4270 scimus.
1326 4211 1463 4287 Daraps,
1478 4211 1557 4288 quod
1571 4210 1618 4268 VI
1631 4211 1690 4270 572
1705 4212 1825 4286 legitur,
1842 4211 1997 4288 Wagnero
2010 4231 2103 4290 prop·

498 4325 545 4378 ter
566 4318 611 4378 VI
644 4321 682 4378 67
713 4325 885 4397 suspectum
906 4318 972 4394 fuit,
999 4339 1057 4394 qua
1081 4337 1114 4376 re
1136 4319 1230 4379 Datis
1253 4319 1278 4376 is
1298 4319 1442 4396 reposuit:
1468 4321 1572 4376 contra
1592 4317 1698 4375 Petere
1713 4317 1751 4376 de
1773 4315 1887 4374 Valerii
1907 4317 2099 4393 neglegentia

499 4425 654 4502 cogitavit.
665 4425 708 4484 At
729 4423 809 4502 fugit
829 4426 910 4483 viros
926 4424 1032 4482 doctos
1045 4423 1092 4482 his
1107 4424 1180 4482 locis
1202 4443 1259 4482 non
1282 4444 1382 4485 unum.
1397 4423 1451 4482 sed
1464 4423 1538 4482 duos
1553 4422 1683 4500 Scythas
1699 4422 1834 4481 indicari:
1856 4440 1981 4498 prorsus
1995 4421 2100 4480 eodem

499 4534 586 4594 modo
605 4535 669 4612 ipse
689 4533 830 4592 Valerius
851 4532 1029 4604 nominibus,
1042 4552 1117 4608 quae
1138 4539 1209 4592 sunt
1230 4533 1346 4602 Idmon,
1359 4534 1441 4602 Iron,
1457 4533 1585 4608 Hebrus,
1599 4533 1684 4592 Zetes
1694 4531 1741 4590 bis
1755 4551 1826 4590 usus
1837 4537 1893 4590 est.
1910 4528 1965 4590 (ιιι
1975 4529 2095 4589 Heeren

499 4661 546 4720 op.
568 4641 639 4700 laud
670 4663 698 4720 p.
724 4644 770 4717 14,
793 4642 861 4700 adn.
884 4642 911 4699 2.
935 4641 981 4699 De
997 4639 1112 4699 Valerii
1135 4639 1284 4700 brevitate
1306 4640 1385 4700 VIII
1407 4643 1446 4699 24
1467 4645 1497 4699 et
1518 4641 1576 4698 211
1601 4641 1732 4716 cogitare
1755 4639 1848 4697 malo:
1879 4638 1937 4696 alia
1958 4637 2103 4696 eiusmodi

499 4751 634 4828 exempla
655 4770 691 4810 ex
713 4751 849 4828 Langeni
870 4749 1082 4808 commentario
1104 4749 1244 4824 colligere
1263 4767 1429 4826 possumus.
1446 4747 1525 4820 Quid
1547 4748 1674 4823 denique
1694 4747 1726 4804 in
1745 4745 1796 4804 III
1816 4744 1926 4817 492ιῖ
1947 4746 2017 4814 363,
2040 4743 2103 4804 VH

497 4857 559 4914 340
580 4856 733 4916 Summers
747 4855 909 4914 offenderit
929 4875 976 4913 me
997 4873 1055 4912 non
1072 4853 1250 4929 intellegere
1265 4856 1394 4932 ingenue
1414 4854 1565 4914 confiteor.
1587 4853 1732 4930 Namque,
1753 4859 1787 4911 ut
1809 4852 1847 4912 de
1868 4851 1919 4911 III
1940 4853 1999 4910 492
2026 4859 2056 4911 et
2078 4851 2106 4909 V

499 4965 558 5021 265
579 4963 691 5038 loquar,
706 4969 832 5037 utroque
853 4962 917 5020 loco
938 4959 1042 5036 fugam
1063 4960 1175 5018 Persae
1201 4960 1341 5018 Valerius
1356 4961 1452 5038 magis
1467 4958 1658 5018 adumbravit
1678 4979 1767 5034 quam
1792 4958 1962 5036 descripsit:
1985 4977 2044 5033 qua
2066 4955 2104 5015 de

499 5089 591 5128 causa
611 5076 711 5128 utrum
733 5069 809 5128 alter
833 5069 915 5126 locus
930 5067 968 5125 ab
993 5069 1088 5126 altero
1105 5067 1266 5127 dissentiat
1287 5087 1381 5126 necne
1402 5067 1563 5126 diiudicari
1583 5067 1694 5142 nequit.
1716 5065 1834 5124 Deinde
1854 5065 1883 5123 V
1903 5065 1963 5124 363
1985 5065 2104 5124 Iasonis

497 5179 628 5255 speciem
650 5178 755 5235 eximie
776 5175 851 5234 Iuno
862 5175 1023 5234 exornavit
1038 5179 1072 5232 ut
1092 5175 1189 5251 primo
1204 5173 1311 5232 obtutu
1323 5174 1449 5232 Medeae
1470 5173 1601 5232 animum
1622 5179 1829 5232 commoveret:
1851 5171 1968 5231 sciebat
1981 5170 2100 5246 quidem

501 5282 558 5342 dea
577 5281 667 5342 fidem
692 5283 805 5340 Aeetae
826 5299 892 5340 esse
915 5279 1095 5356 instabilem,
1110 5280 1164 5338 sed
1186 5281 1292 5338 maluit
1313 5281 1451 5340 Iasonem
1472 5299 1526 5356 pro
1548 5278 1666 5338 Colchis
1688 5297 1824 5356 pugnare
1847 5283 1882 5335 ut
1909 5277 2018 5335 Medea
2040 5277 2105 5334 eius

500 5387 707 5446 fortitudinem
729 5389 889 5446 miraretur
910 5385 1069 5462 simulque,
1085 5384 1123 5444 ob
1144 5387 1240 5463 patris
1262 5387 1291 5444 in
1312 5385 1505 5459 Argonautas
1520 5384 1683 5459 nequitiam
1698 5383 1742 5440 ira
1763 5395 1793 5440 et
1808 5381 2014 5442 misericordia
2027 5401 2107 5440 oom-
