4872 6432
830 453 1150 512 PROLEGOIIENON
1175 453 1375 510 88881111.
1771 453 1908 508 XXXIII

380 617 427 676 Ao
457 617 588 694 primum
617 614 739 691 quidem
772 631 824 672 eos
854 612 935 671 looos
967 611 1074 670 missos
1093 609 1258 688 faciamus,
1280 609 1333 670 ubi
1353 613 1428 672 18818
1448 613 1617 688 scripturae
1648 611 1852 687 discrepantia
1873 609 1908 667 li·

305 723 475 784 brariorum
495 722 705 799 neglegentiae
726 722 826 799 potius
847 716 1050 778 adscribenda
1070 718 1129 790 sit,
1151 719 1242 778 velut:
1264 718 1280 777 I
1303 719 1348 794 13,
1371 719 1440 794 233,
1461 719 1530 792 362,
1552 718 1621 794 370,
1643 717 1712 794 479,
1735 719 1813 792 554,
1837 716 1905 784 705,

301 832 335 890 Π
356 833 405 900 64,
431 830 497 906 181,
520 829 588 905 213,
611 829 681 901 274,
702 829 771 904 323,
793 825 859 899 517,
881 826 950 898 518,
973 825 1041 896 577,
1063 826 1132 896 578,
1154 825 1223 897 587,
1245 827 1313 898 639,
1335 825 1386 884 III
1406 829 1434 902 5,
1459 827 1505 902 11,
1528 826 1576 896 36,
1598 827 1646 900 54,
1671 825 1820 900 168,177,
1838 825 1906 901 194,

300 936 369 1007 569,
394 937 463 1008 640,
485 935 532 994 IV
554 935 602 1006 27,
626 935 693 1004 104,
718 935 784 1010 169,
806 934 875 1004 242,
896 933 965 1004 258,
987 934 1057 1002 272,
1078 934 1148 1003 300,
1169 933 1238 1004 307,
1260 934 1329 1004 365,
1351 935 1421 1004 451,
1443 934 1511 1008 524,
1533 932 1602 1008 580,
1623 932 1692 1008 583,
1714 931 1782 1002 726;
1806 930 1834 990 V
1857 930 1907 1000 72,

302 1044 371 1118 112,
396 1045 463 1114 152,
485 1043 554 1114 332,
575 1044 645 1113 406,
667 1043 737 1112 418,
758 1043 828 1115 465,
850 1043 919 1110 466,
942 1043 1010 1118 540,
1033 1042 1101 1117 596,
1123 1043 1191 1113 642,
1214 1043 1282 1114 650,
1314 1041 1360 1100 VI
1381 1043 1429 1113 66,
1452 1043 1507 1114 68,
1532 1043 1609 1118 115,
1631 1042 1709 1118 572,
1733 1039 1810 1115 618,
1834 1040 1902 1112 700,

299 1150 363 1209 VH
387 1149 455 1222 176,
477 1151 533 1210 501
559 1155 616 1208 818.
638 1149 731 1208 Η886
753 1167 822 1206 raro
843 1153 944 1207 autem
964 1149 1039 1207 vitia
1060 1148 1129 1207 iude
1161 1153 1266 1207 exorta
1296 1153 1385 1218 sunt,
1407 1147 1486 1224 quod
1517 1146 1634 1207 librarii
1663 1148 1782 1225 glossas
1808 1165 1901 1223 supra

299 1275 405 1316 versus
429 1257 599 1335 adscriptas
622 1257 653 1315 in
674 1254 769 1316 verba
791 1261 898 1334 postas
919 1255 1093 1327 intulerunt,
1115 1257 1207 1315 velut:
1228 1255 1245 1314 I
1268 1257 1344 1328 1443
1366 1256 1400 1314 Π
1421 1256 1468 1332 58,
1491 1255 1571 1329 547,
1593 1255 1743 1328 1Π534,
1765 1254 1811 1313 IV
1833 1254 1901 1327 722,

298 1360 345 1420 VI
366 1363 435 1436 225,
457 1361 537 1420 VIII
560 1362 607 1420 17.
629 1361 788 1421 Interdum
808 1381 879 1421 vero
899 1362 1043 1421 lectiones
1065 1361 1177 1422 eodiois
1197 1360 1351 1420 0811181118
1372 1381 1407 1421 eo
1427 1360 1527 1420 labem
1547 1366 1704 1421 traxerunt
1717 1360 1798 1436 quod
1814 1357 1904 1419 libra-

300 1470 354 1528 riis
374 1488 465 1530 voees
487 1471 514 1529 ei
535 1489 611 1545 quae
632 1468 796 1530 scribenda
815 1476 882 1528 erat
902 1470 1054 1548 proximae
1074 1468 1325 1544 obversabantur,
1348 1469 1450 1528 veluti:
1472 1467 1588 1542 1393,
1611 1467 1644 1526 11
1667 1467 1744 1538 133,
1769 1468 1836 1538 168,
1857 1466 1903 1526 IV

300 1579 368 1650 600,
391 1578 470 1654 quod
492 1577 532 1636 86
551 1598 648 1655 genus
669 1576 724 1637 hos
744 1578 825 1638 looos
846 1597 961 1654 quoque
982 1577 1156 1638 referendos
1177 1596 1303 1637 censeo:
1325 1577 1360 1636 H
1380 1579 1440 1636 218
1460 1597 1498 1636 ex
1519 1577 1552 1636 H
1574 1577 1653 1648 216,
1675 1576 1709 1634 H
1731 1577 1790 1636 237
1812 1595 1849 1634 ex
1870 1575 1904 1634 II

300 1687 369 1762 235,
392 1686 421 1744 V
442 1688 481 1746 25
502 1707 539 1746 ex
560 1687 589 1745 V
611 1689 659 1758 39,
681 1687 710 1745 V
731 1689 788 1747 541
812 1705 849 1746 ex
870 1687 898 1746 V
920 1688 998 1759 542,
1021 1687 1067 1746 VI
1087 1687 1147 1746 269
1168 1706 1205 1772 ex
1227 1685 1273 1745 VI
1293 1687 1372 1758 267,
1394 1685 1457 1745 VH
1476 1687 1517 1744 44
1538 1705 1576 1745 ex
1597 1685 1659 1745 VII
1679 1687 1738 1756 45,
1760 1686 1824 1745 VH
1844 1687 1904 1744 394

297 1813 332 1852 ex
352 1795 417 1854 VH
437 1795 507 1866 393,
529 1795 592 1854 VH
612 1796 674 1855 590
695 1814 730 1854 ex
751 1795 815 1854 VH
836 1795 896 1855 588
917 1796 965 1854 vel
986 1797 1054 1854 592:
1078 1795 1204 1856 eandem
1224 1795 1263 1855 ob
1285 1815 1408 1854 oausam
1427 1815 1534 1854 versus
1555 1795 1584 1853 V
1605 1795 1680 1864 542,
1701 1793 1748 1852 VI
1771 1793 1903 1854 195-196

296 1901 482 1960 exciderunt
505 1899 566 1960 Sed
587 1900 710 1976 reliqua,
734 1919 811 1976 quaa
832 1905 943 1974 8118111,
967 1899 1042 1958 vitia
1062 1901 1170 1960 nimiae
1192 1919 1291 1959 eorum
1316 1900 1504 1960 coniectandi
1525 1898 1652 1976 libidini,
1675 1901 1726 1977 qui
1746 1899 1901 1960 Carrionis

297 2003 407 2064 librum
429 2011 597 2075 exararunt,
620 2005 783 2064 tribuenda
803 2011 883 2064 sunt.
906 2005 1033 2084 Saepius
1054 2007 1134 2065 enim
1154 2013 1277 2086 propter
1297 2007 1412 2066 Valerii
1427 2008 1535 2067 durum
1557 2009 1678 2069 dioendi
1698 2027 1794 2084 genus
1808 2006 1904 2067 verba

297 2119 402 2192 politae
424 2133 443 2173 8
463 2112 597 2172 librariis
619 2116 695 2173 satis
717 2115 870 2174 intellecta
890 2133 949 2174 non
970 2121 1048 2190 sunt,
1072 2117 1122 2192 qui
1142 2123 1177 2174 ut
1197 2135 1299 2176 omues
1321 2115 1515 2178 difficultates
1536 2119 1676 2178 tollerent
1695 2119 1838 2178 lectiones
1864 2135 1900 2176 ex

297 2221 475 2298 antiquitate
497 2220 626 2279 traditas
653 2221 852 2282 audacissime
883 2221 1128 2300 interpolabant:
1160 2225 1290 2300 itemque
1321 2243 1397 2301 quae
1418 2231 1470 2285 aut
1490 2225 1579 2284 nimis
1610 2225 1756 2302 exquisita
1776 2231 1829 2284 aut
1849 2243 1900 2284 ne-

296 2329 444 2406 glectiore
456 2329 493 2387 iis
505 2328 682 2388 viderentur
695 2349 763 2390 oum
779 2329 881 2390 verbis
902 2330 1016 2390 Valerii
1032 2337 1097 2390 arte
1111 2331 1244 2408 indignis
1257 2338 1427 2411 permutata
1441 2338 1520 2405 sunt,
1535 2333 1671 2410 quamvis
1682 2352 1902 2412 nonnumquam

297 2434 464 2495 aduertam
479 2454 602 2494 eausam
618 2437 804 2514 corruptelae
818 2434 927 2495 referri
937 2441 1087 2514 nequeant
1097 2437 1225 2515 indeque
1236 2457 1271 2497 ex
1281 2438 1458 2497 immutandi
1468 2441 1586 2517 pruritu
1593 2445 1709 2500 tantum
1718 2447 1821 2501 exorta
1831 2443 1901 2502 sint.

376 2541 496 2601 Delude
517 2539 581 2601 fere
604 2547 723 2601 88111818
744 2544 902 2618 sexaginta
922 2544 1004 2615 18818,
1026 2563 1099 2619 8888
1122 2562 1160 2602 ex
1180 2546 1259 2603 88118
1281 2545 1376 2604 textui
1397 2543 1543 2605 subiectis
1564 2547 1704 2623 colligere
1727 2548 1811 2623 lieet,
1835 2569 1900 2608 881-

296 2646 430 2724 ruptelas
453 2647 565 2706 oodiois
585 2647 726 2708 Vatioani
747 2647 825 2708 liber
846 2647 1000 2709 0811181118
1020 2649 1288 2709 88188688118886
1309 2651 1444 2727 quamvis
1465 2653 1623 2730 plerasque
1648 2655 1800 2730 maoulas,
1824 2675 1900 2732 quas

295 2755 327 2811 in
349 2753 452 2813 886188
474 2753 628 2814 Carrionis
649 2754 787 2816 sublatae
798 2762 877 2828 sunt,
893 2757 1068 2837 apographa
1087 2757 1229 2818 Vaticani
1251 2763 1428 2836 veteresque
1442 2760 1588 2820 editiones
1607 2762 1677 2820 olim
1689 2765 1899 2840 correxissent

295 2863 378 2923 haud
398 2885 512 2944 paucas
533 2873 634 2926 tamen
656 2869 824 2946 scripturas
838 2875 902 2928 tum
917 2871 1045 2947 primum
1067 2891 1104 2930 ex
1118 2890 1172 2930 suo
1187 2872 1289 2932 886188
1310 2871 1416 2932 Carrio
1437 2876 1559 2952 egregie
1579 2877 1713 2954 protulit.
1734 2876 1827 2937 Cuius
1849 2899 1901 2956 ge-

294 2973 375 3031 neris
390 2972 464 3032 haee
477 2975 614 3053 exempla
634 2977 799 3055 praecipue
820 2977 994 3038 adnotanda
1007 2985 1086 3038 sunt:
1109 2980 1125 3038 l
1146 2981 1186 3040 68
1200 3001 1291 3041 curru
1305 2988 1346 3052 81,
1371 2983 1428 3041 331
1449 2983 1618 3060 polumque,
1642 2983 1701 3044 337
1722 2987 1900 3062 8188118888

295 3085 424 3150 cratera,
447 3081 506 3140 593
528 3084 632 3143 cotona
656 3067 697 3143 18.
723 3084 757 3143 H
778 3085 796 3142 6
818 3085 916 3159 fretis,
940 3087 1000 3144 317
1022 3093 1110 3156 caele,
1134 3089 1194 3147 322
1215 3091 1343 3166 1881118.
1358 3091 1417 3149 439
1438 3097 1523 3151 vates
1537 3093 1732 3155 Samothraca
1758 3095 1910 3171 diemque,-

294 3184 652 3264 5018888888881888,
679 3190 739 3248 535
761 3191 895 3264 defertur
918 3193 1028 3252 581188.
1053 3191 1104 3251 ΠΙ
1128 3195 1184 3252 106
1207 3195 1313 3264 Olenii,
1337 3197 1394 3254 169
1415 3200 1583 3258 accumbens
1605 3199 1625 3270 1,
1643 3200 1700 3258 182
1723 3207 1755 3260 81
1779 3201 1900 3262 diuersa

295 3291 598 3368 8888827718188,
626 3297 685 3355 297
705 3297 816 3374 potitae,
842 3299 905 3358 333
928 3319 1064 3376 corpora,
1086 3302 1142 3360 341
1166 3302 1287 3374 seutiae,
1311 3303 1371 3362 367
1391 3323 1529 3381 acerque,
1551 3307 1611 3365 462
1633 3309 1738 3384 celsis,
1766 3311 1826 3368 519
1844 3331 1901 3388 per

295 3419 416 3462 888881.
442 3397 487 3460 IV
510 3403 566 3460 111
590 3402 648 3474 818,
671 3404 731 3462 242
755 3406 871 3474 electus,
894 3407 956 3464 338
973 3407 1168 3484 persuasique,
1192 3409 1253 3467 428
1274 3411 1435 3486 Harpyiae
1462 3411 1636 3488 1185818188,
1661 3416 1719 3473 551
1743 3421 1900 3478 tum-tam

294 3509 384 3579 neira,
414 3509 474 3568 624
494 3510 569 3570 sileo
596 3517 631 3570 81.
659 3509 688 3570 V
709 3512 748 3569 67
769 3513 852 3571 88181
873 3513 935 3582 1118,
961 3513 1018 3573 197
1036 3515 1186 3591 placidus,
1201 3517 1262 3576 200
1279 3537 1336 3594 per
1350 3524 1378 3578 18
1391 3521 1492 3590 vetar,
1507 3521 1567 3580 203
1588 3522 1682 3592 181881,
1697 3523 1759 3582 254
1778 3526 1899 3599 resuere,

294 3619 354 3676 379
376 3636 440 3688 ora,
465 3619 527 3678 440
544 3639 609 3694 per,
634 3620 695 3678 460
716 3621 795 3680 58118
823 3627 906 3682 loros
934 3627 1003 3692 lum,
1019 3625 1081 3682 464
1100 3644 1191 3701 reyes,
1207 3625 1268 3684 534
1289 3627 1355 3695 1811,
1370 3627 1429 3686 605
1452 3646 1535 3704 8888,
1550 3629 1610 3687 645
1632 3631 1727 3702 81818,
1744 3633 1804 3692 680
1818 3635 1900 3696 ordo.

295 3725 340 3784 VI
361 3727 380 3784 3
403 3727 489 3796 18881,
516 3727 576 3785 217
599 3727 736 3796 Phaleri,
762 3729 822 3786 279
843 3749 1009 3812 unaquoque
1028 3732 1150 3809 6818818,
1175 3735 1234 3791 417
1257 3734 1538 3810 caracteratis
1560 3737 1660 3810 811881,
1676 3741 1735 3799 516
1756 3742 1825 3814 1881,
1842 3745 1901 3802 638

297 3831 411 3891 Arinen
438 3833 608 3908 Olbumque,
638 3833 698 3892 706
720 3833 791 3908 8811,
817 3835 1003 3910 734181181.
1027 3836 1091 3896 VH
1111 3839 1152 3897 24
1173 3839 1257 3915 18818,
1278 3841 1319 3898 46
1341 3841 1438 3916 ipsum
1459 3861 1513 3912 me,
1540 3843 1597 3902 187
1618 3845 1825 3925 farinamque,
1841 3851 1900 3910 373

298 3957 454 4016 uacunque
492 3940 587 3998 Venus
615 3941 791 4018 blandisque
819 3938 1077 4018 88888188394
1098 3947 1186 4021 lpse,
1207 3948 1266 4006 421
1288 3949 1496 4024 1888886888,
1518 3952 1578 4010 442
1597 3971 1630 4013 en
1652 3953 1702 4012 851
1722 3955 1817 4026 Iuno,
1839 3959 1900 4016 478

297 4043 423 4119 quando,
445 4044 505 4102 486
527 4045 618 4116 85158,
641 4047 698 4104 541
721 4049 809 4121 18818,
834 4049 893 4107 566
916 4053 1060 4111 tenebras.
1083 4050 1163 4110 VIII
1183 4055 1222 4112 62
1245 4073 1280 4113 88
1300 4060 1395 4114 88881.

380 4148 448 4207 Viri
470 4149 561 4219 68811,
583 4152 634 4226 881
655 4152 789 4212 codicem
810 4153 964 4214 Carrionis
985 4175 1023 4214 ex
1043 4156 1191 4218 Vaticano
1212 4157 1291 4218 3277
1324 4160 1354 4218 18
1378 4159 1468 4220 Italia
1499 4165 1617 4222 saeculo
1649 4165 1764 4226 decimo
1794 4170 1898 4244 quinto

297 4254 420 4316 fluxisse
442 4255 583 4316 arbitrati
603 4265 693 4336 sunt,
712 4279 817 4320 omnes
838 4262 981 4322 lectiones
1002 4263 1033 4322 iu
1056 4283 1091 4323 eo
1112 4264 1215 4324 886188
1235 4267 1347 4344 optime
1367 4274 1503 4326 servatas
1535 4271 1730 4333 coniectando
1763 4275 1902 4335 inventas

297 4383 364 4424 esse
386 4373 575 4426 oensuorunt.
599 4368 679 4439 Quin
698 4387 770 4428 vero
791 4372 925 4448 plerique
946 4373 1013 4448 1881,
1035 4392 1108 4448 8888
1130 4373 1253 4446 Carrio,
1286 4395 1340 4436 suo
1370 4375 1447 4436 libro
1467 4376 1583 4456 fretus,
1605 4383 1728 4458 egregie
1760 4386 1902 4456 restituit,

295 4471 437 4533 facillime
458 4493 494 4534 ex
515 4477 687 4534 oonieotura
708 4477 861 4536 emendari
882 4481 1038 4556 potuerint
1059 4500 1118 4540 non
1139 4487 1186 4540 est
1207 4481 1416 4556 dubitandum,
1431 4485 1538 4546 88668
1560 4507 1617 4546 888
1632 4490 1722 4549 nullis
1743 4492 1903 4570 seripturis

297 4575 364 4658 [afr.
386 4578 492 4654 1311,
514 4580 548 4639 Π
568 4582 637 4654 439,
659 4581 709 4641 IH
733 4584 799 4654 169,
822 4585 891 4656 341,
913 4585 982 4658 519,
1003 4586 1033 4645 V
1053 4587 1122 4664 379,
1145 4587 1213 4661 680,
1234 4587 1279 4648 VI
1301 4589 1369 4664 217,
1391 4590 1453 4650 VH
1473 4593 1542 4670 373,
1564 4592 1634 4676 442]
1655 4595 1737 4656 16818
1757 4597 1903 4658 eccidisse

297 4705 353 4764 pro
374 4693 457 4746 88118
478 4687 639 4748 adfirmare
660 4709 719 4750 non
741 4693 846 4750 ausim.
877 4693 927 4750 An
948 4693 1132 4754 eredendum
1152 4700 1199 4754 est
1220 4697 1464 4774 interpolatorem
1492 4701 1593 4773 illum,
1616 4705 1666 4779 qui
1686 4705 1806 4783 saepius
1829 4707 1903 4764 artis

297 4794 486 4874 emendandi,
508 4816 597 4872 quam
619 4805 737 4875 vocant,
760 4800 1017 4877 imperitissimum
1039 4807 1128 4877 atque
1149 4801 1264 4862 Valerii
1285 4806 1406 4881 generis
1439 4806 1559 4866 dioeudi
1589 4810 1677 4888 plane
1710 4811 1850 4890 ignarum
1871 4834 1905 4873 se

299 4901 471 4979 praebeor-lt
499 4904 695 4982 plurimisque
717 4907 790 4966 loeis
819 4913 935 4967 textum
966 4909 1112 4968 traditum
1141 4913 1327 4972 atrocissime
1359 4916 1533 4992 vexaverit,
1555 4921 1601 4977 tot
1621 4921 1789 4998 scripturas
1814 4931 1905 5000 atque

297 5010 419 5069 easdem
440 5013 638 5087 gravissimas
660 5015 723 5074 solo
743 5016 863 5094 ingenio
884 5017 1079 5076 restituisse?
1101 5019 1208 5096 itaquo
1230 5021 1341 5080 maiore
1364 5041 1401 5081 ex
1421 5029 1508 5101 parte
1529 5043 1581 5084 eas
1602 5026 1745 5087 lectiones
1766 5029 1805 5088 ab
1827 5033 1906 5091 anti-

299 5119 414 5193 quitate
434 5120 566 5180 traditas
587 5141 654 5182 8888
675 5125 741 5184 veri
768 5126 895 5184 similius
916 5126 989 5184 mihi
1011 5126 1140 5186 videtur.

378 5227 516 5305 Denique
537 5231 622 5290 tertii
642 5234 764 5310 generis
786 5236 921 5313 exemplu
941 5235 1017 5294 haec
1038 5241 1117 5295 sunt:
1140 5236 1497 5315 149818888868111818
1519 5243 1637 5313 lacera,
1662 5247 1720 5305 130
1741 5247 1906 5330 insperato,

301 5333 358 5391 132
378 5335 446 5410 1118,
471 5337 525 5394 141
550 5344 697 5410 astructa,
721 5340 777 5398 157
798 5341 884 5416 per-it.
907 5343 966 5399 227
989 5343 1085 5417 lanua,
1101 5344 1161 5402 242
1176 5345 1359 5422 quandoque,
1375 5347 1432 5405 271
1449 5350 1634 5426 indempuis,
1650 5354 1710 5412 285
1725 5355 1905 5432 descendere,

299 5439 358 5496 342
379 5446 411 5500 81
432 5441 508 5513 dent,
530 5443 590 5502 356
615 5445 777 5516 1111818188,
799 5447 859 5505 405
881 5447 1018 5519 51188188,
1040 5449 1100 5508 408
1123 5455 1150 5510 18
1172 5452 1570 5532 8881884208881818888,
1593 5458 1652 5515 535
1666 5461 1745 5535 5888,
1768 5463 1907 5526 6371818

1784 5607 1797 5640 θ
