4872 6432
841 433 1163 490 PROLBGOMBNON
1182 436 1310 490 CAPVT
1329 437 1380 492 lv.
1834 439 1916 492 XLV

387 583 455 644 Lib.
477 585 521 644 VI
548 587 642 645 22-23
670 587 824 664 promissa
856 587 1001 664 litieraque
1029 607 1091 648 ease
1124 591 1185 649 loco
1217 589 1408 648 Burmannus
1435 607 1501 649 esse
1529 592 1710 669 tempestiva
1738 591 1898 669 explicavit
1910 610 1918 664 ;

290 693 379 780 ¹Pius
399 694 638 771 posterioresque
659 695 800 756 habitura
821 697 918 756 locum
940 703 971 755 et
992 697 1155 756 effectum:
1177 696 1256 774 qnod
1277 701 1363 758 malo.
1446 701 1486 758 23
1500 699 1595 760 medio
1611 707 1741 776 ternpore
1754 719 1813 758 non
1826 701 1918 780 expli·

306 797 435 858 candum
456 804 502 858 est
523 807 611 860 nocte
632 798 724 882 [Pius
746 801 922 878 Delamalle,
945 802 1090 885 Langenl,
1124 803 1179 862 sed
1200 805 1388 866 induciarum
1409 811 1543 885 tempore
1569 803 1783 887 [Burmannus
1812 807 1917 868 Buzio.

305 905 523 990 Pindemontel.
604 911 643 968 27
666 913 902 972 aurare-rabor:
922 911 1057 988 Heinsio,
1072 913 1254 990 Burmanno,
1268 914 1371 990 Buzio,
1387 915 1575 987 Delamallio,
1591 915 1735 994 Langeno
1750 914 1843 974 rubor
1859 917 1918 974 iste

305 1029 340 1070 ex
363 1013 467 1090 clypeo
487 1013 597 1074 Martis
619 1021 703 1076 ortus
723 1035 789 1076 esse
812 1018 953 1090 videtnr3
975 1020 1073 1078 minus
1095 1025 1176 1078 recte
1198 1020 1337 1080 ruborem
1359 1022 1524 1082 secundnm
1545 1029 1684 1082 naturam
1698 1041 1753 1101 per
1766 1024 1915 1082 Auroram

305 1121 447 1180 effectum
468 1121 618 1182 Maserius
632 1129 663 1182 et
678 1121 806 1182 Caussin
827 1125 1044 1184 intellexerunt.
1126 1127 1165 1185 47
1187 1129 1318 1203 orbaque
1338 1101 1453 1188 heatior
1474 1130 1548 1188 calo
1569 1129 1695 1207 Langen
1710 1129 1754 1187 sic
1769 1128 1917 1204 interpre-

305 1236 387 1290 tatus
408 1239 476 1290 est:
499 1229 615 1290 beatior
635 1251 723 1308 quam
742 1231 831 1292 Iason
853 1233 903 1308 qui
925 1239 1091 1293 monstrum
1113 1235 1143 1292 in
1165 1235 1386 1295 matrimonium
1408 1235 1536 1296 duxerit.
1560 1237 1621 1296 Sed
1641 1237 1736 1295 tutius
1758 1241 1804 1294 est
1825 1237 1916 1314 expli-

278 1393 282 1402 .
305 1341 453 1399 cntionem
475 1359 661 1400 communem
683 1341 836 1418 recipere:
858 1340 974 1400 beatior
989 1361 1078 1417 quam
1098 1343 1124 1400 si
1146 1344 1207 1401 voti
1228 1363 1349 1422 compos
1369 1344 1493 1404 thalami
1507 1346 1599 1404 talem
1613 1343 1723 1404 sociam
1739 1346 1915 1423 accepisset.

387 1448 426 1506 63
446 1448 579 1524 spolium
597 1449 695 1508 crines
709 1449 897 1526 provectiore
911 1453 1011 1508 aetate
1025 1449 1174 1525 longiores
1189 1449 1286 1510 factos
1300 1451 1432 1510 editores
1446 1452 1632 1530 intellegunt.
1655 1450 1767 1512 Contra
1779 1450 1915 1526 Langer:

304 1555 426 1614 calvitie
447 1561 549 1614 exorta
570 1556 699 1633 spatium
722 1555 812 1615 datur
826 1557 866 1616 ad
880 1563 971 1635 caput
985 1558 1271 1636 circumligandum:
1287 1561 1401 1618 melius.
1484 1560 1523 1618 87
1538 1559 1738 1634 repereram
1752 1565 1798 1618 est
1812 1558 1914 1618 servili

303 1664 420 1740 origine
444 1661 604 1745 [Maserius
626 1673 657 1724 et
676 1664 778 1747 seqq.].
800 1666 873 1725 Pius
895 1667 1077 1744 explicavit:
1100 1667 1320 1746 degenerantes
1341 1689 1359 1727 a
1381 1669 1553 1728 maioribus.
1636 1669 1675 1728 92
1696 1653 1915 1728 auamtutrum

304 1769 626 1854 apms1BurmannuS,
648 1774 760 1848 Buzio,
783 1774 1001 1852 Pindemonte,
1024 1775 1209 1836 Delamalle.
1233 1775 1370 1858 Caussin}
1392 1797 1431 1836 an
1456 1777 1607 1854 hystrices
1627 1775 1729 1858 [Pius,
1755 1778 1913 1842 Maserius,

306 1880 462 1958 Wagner.
485 1881 628 1958 Huguet.
650 1881 787 1963 Langen]
809 1882 865 1942 hoc
890 1885 953 1943 loco
973 1889 1062 1962 po'e'ta
1083 1884 1262 1944 indicaverit
1282 1905 1343 1944 non
1364 1887 1481 1944 omnino
1503 1886 1613 1962 liquet:
1637 1886 1715 1945 malo
1739 1892 1838 1944 tamen
1867 1884 1914 1943 Pii

305 1989 486 2047 sententiam
510 1991 659 2067 amplecti.
742 1993 801 2051 120
822 1993 952 2054 discolor
973 2013 1032 2052 non
1053 1994 1091 2053 de
1112 1996 1210 2054 colore
1231 1994 1318 2054 faciei
1342 1993 1510 2076 [Caussin],
1533 1995 1587 2055 sed
1609 1995 1647 2054 de
1667 1995 1797 2054 vestium
1818 2013 1914 2052 armo

305 2116 428 2174 rumque
450 2097 596 2158 varietate
621 2098 831 2178 accipiendum
852 2105 909 2158 est.
995 2101 1053 2158 160
1073 2101 1199 2174 pectinis
1227 2107 1388 2178 aequantes
1408 2102 1545 2162 comibus
1574 2102 1651 2160 alce.
1674 2100 1755 2159 Male
1775 2099 1914 2176 Wagner

302 2213 334 2266 et
347 2225 439 2282 seqq:
455 2226 491 2266 ex
505 2219 631 2281 utraque
646 2211 733 2282 parte
749 2206 825 2264 aciei
843 2204 947 2264 eodem
962 2225 1085 2264 numero
1100 2225 1212 2266 cornua
1226 2211 1371 2266 tenentes.
1387 2207 1483 2266 Multo
1504 2206 1627 2284 propius
1643 2206 1682 2265 ad
1697 2225 1800 2265 veram
1820 2208 1913 2286 expli·

302 2316 450 2375 cntionem
480 2313 618 2373 Koestlin
641 2319 672 2372 et
692 2313 814 2372 Heeren
848 2320 1057 2374 accesseramt:
1087 2315 1135 2374 die
1164 2316 1219 2372 mit
1247 2314 1344 2374 ihrem
1375 2315 1480 2391 Bogen
1502 2315 1571 2374 dem
1593 2315 1772 2393 Vogeliluge
1800 2315 1914 2392 gleich-

301 2424 447 2483 kommen.
532 2424 590 2482 188
610 2425 693 2483 ritae
712 2422 762 2481 hic
784 2441 838 2500 pro
863 2423 1010 2498 sangnine
1032 2442 1098 2482 esse
1121 2423 1247 2484 Caussin
1271 2429 1301 2484 et
1321 2424 1446 2501 Hngnet
1461 2425 1679 2484 existimarunt.
1698 2423 1824 2483 Raetiam
1838 2425 1911 2483 Pina

300 2531 479 2608 explicavit:
503 2551 628 2610 corpora
649 2531 783 2590 viventia
805 2530 905 2589 adhuc
923 2531 978 2590 sed
992 2532 1116 2592 vnlnere
1131 2537 1228 2592 strata
1241 2551 1247 2603 ;
1263 2535 1348 2608 eique
1362 2534 1544 2611 posteriores
1559 2534 1675 2592 assensi
1690 2539 1769 2590 sunt.
1851 2535 1912 2592 204

304 2643 491 2702 amicalo-oh
512 2641 600 2701 carni.
621 2641 813 2700 Burmannus
834 2645 865 2699 et
886 2641 979 2700 Burio
1000 2643 1044 2700 sic
1066 2643 1224 2702 ordinant:
1247 2643 1332 2702 dives
1354 2641 1392 2702 ab
1413 2644 1490 2702 omni
1507 2649 1650 2702 armento.
1668 2643 1781 2703 Contra
1794 2643 1867 2702 Pius
1881 2651 1911 2702 st

300 2767 403 2824 seqq:
424 2749 574 2808 nutrierat
595 2753 751 2827 separatos
773 2747 811 2806 ad
829 2749 975 2810 militiam.
990 2751 1094 2809 nolens
1109 2771 1159 2810 eos
1181 2753 1259 2810 inter
1273 2757 1409 2811 armenta
1425 2752 1555 2810 versari:
1578 2753 1690 2811 rectius
1711 2772 1777 2812 mea
1791 2753 1910 2828 quidem

303 2858 462 2918 sententia.
544 2859 604 2917 205
625 2857 830 2933 solis-iniquia
850 2877 910 2916 non
931 2857 1096 2918 ablativum
1117 2857 1324 2939 [Pindemonte
1344 2860 1383 2920 ed
1404 2858 1560 2943 Genesin],
1583 2861 1638 2920 sed
1663 2861 1797 2919 datianam
1829 2859 1912 2940 [Pius

304 2971 335 3023 et
356 2962 450 3045 seqq}
472 2965 622 3040 intellego.
705 2965 764 3023 209
786 2965 917 3024 coactitii
938 2965 989 3023 vix
1010 2985 1134 3024 sanum:
1157 2967 1334 3026 transitivas
1355 2968 1432 3027 enim
1456 2967 1633 3028 correialcndi
1648 2965 1733 3025 verbi
1757 2985 1829 3025 usus
1843 2986 1911 3025 nus

299 3093 389 3148 quam
410 3073 568 3151 reperitur.
592 3072 735 3132 Codicum
758 3073 914 3132 lectionem
934 3074 1068 3150 plerique
1089 3081 1297 3145 servaverunt,
1311 3075 1365 3134 sed
1387 3094 1481 3150 neque
1502 3081 1571 3152 post
1593 3075 1797 3152 alipedemque
1818 3077 1909 3136 inter·

302 3179 465 3258 pungendo
486 3197 588 3236 omnes
609 3175 803 3238 difficultates
823 3179 969 3236 tolluntur
989 3198 1084 3254 neque
1105 3179 1270 3238 Burmanni
1290 3187 1320 3240 et
1334 3179 1472 3240 Caussini
1487 3179 1734 3258 explicationibus
1748 3181 1909 3258 quidquam

298 3285 479 3366 proficimus.
491 3285 630 3346 Coaslilil
652 3285 745 3360 igitur
766 3284 942 3344 mutandum
961 3292 1024 3344 est:
1040 3285 1096 3346 sed
1109 3287 1308 3363 coniecturae,
1324 3307 1398 3362 quas
1412 3287 1565 3348 Heinsius.
1582 3288 1728 3364 Wagner,
1742 3288 1908 3359 Baehrens,

297 3395 436 3454 Koestlin
457 3393 666 3472 protulerunt.
701 3391 876 3452 audaciores
898 3398 967 3451 sunt
989 3413 1078 3469 quam
1099 3411 1174 3470 quae
1205 3393 1397 3471 recipiantur.
1427 3394 1556 3468 Conligit
1576 3395 1703 3473 scripsi,
1736 3395 1815 3469 qnod
1836 3416 1854 3454 a
1876 3397 1909 3454 li-

298 3505 421 3564 brorum
444 3503 553 3562 litteris
572 3503 670 3561 minus
685 3503 774 3579 longe
788 3502 920 3561 recedat.
1003 3502 1063 3560 224
1077 3501 1167 3562 silvia
1181 3501 1352 3580 significare
1367 3501 1566 3563 Webebeum.
1581 3501 1763 3561 Wehestuhl
1777 3501 1907 3562 Schenkl

299 3617 395 3690 putat.
419 3610 557 3684 Wagner
578 3616 608 3667 et
629 3607 772 3684 Gebbing
793 3607 831 3667 de
852 3609 979 3668 materia
1000 3607 1039 3666 ad
1061 3608 1221 3667 texendum
1243 3610 1271 3666 in
1293 3609 1378 3667 silvis
1393 3606 1482 3666 obvia
1497 3608 1690 3680 intellegunt;
1706 3608 1761 3666 sed
1775 3606 1830 3666 hoc
1845 3609 1909 3668 loco

296 3721 388 3782 ,silvia
408 3739 463 3798 pro
485 3719 515 3779 ia
535 3719 626 3778 silvie
646 3719 776 3795 positum
797 3737 863 3777 esse
885 3718 1095 3792 Burmannus,
1117 3716 1229 3792 Buaio,
1253 3716 1399 3788 Genesin,
1421 3717 1565 3794 Regnat,
1589 3717 1732 3794 Langen,
1755 3717 1909 3778 Summers

274 3803 277 3812 Δ
300 3826 411 3886 rectius
424 3829 615 3886 censuerunt.
699 3825 758 3882 229
773 3824 863 3884 derso
878 3829 1016 3882 neutrum
1031 3824 1156 3901 pluralis
1171 3821 1357 3904 [Delemalle.
1373 3823 1507 3896 Huguet,
1518 3823 1614 3894 Thilo,
1627 3822 1768 3888 Schenkl,
1781 3821 1907 3885 Kubler.

298 3931 436 4015 Langen]
457 3931 629 3991 habendum
643 3937 706 3990 est:
723 3931 773 3988 alii
788 3927 945 4011 [Wagner,
962 3929 1097 4005 Caussin,
1113 3928 1168 3987 Ph.
1181 3928 1327 4006 Wagner.
1343 3928 1495 4010 Gebbing]
1511 3928 1676 3989 ablativum
1689 3931 1908 3990 intellexerunt.

378 4039 439 4098 238
453 4038 531 4098 hunc
551 4039 649 4098 locum
672 4038 773 4096 multis
794 4041 966 4114 suspectum
988 4039 1099 4114 optime
1119 4035 1312 4094 Burmannus
1332 4035 1502 4112 explicavit.
1585 4037 1643 4094 247
1666 4036 1823 4114 liquuntur
1842 4041 1909 4098 rul-

298 4168 367 4208 oerc
380 4149 480 4208 malae
495 4145 526 4205 id
541 4151 586 4204 est
601 4165 689 4206 cruor
704 4143 809 4203 defluit
823 4163 878 4221 per
898 4143 1002 4202 malas.
1018 4144 1098 4202 Male
1112 4143 1185 4202 Pius
1199 4149 1230 4202 et
1243 4143 1449 4202 Burmannus:
1465 4145 1560 4202 malae
1575 4143 1765 4223 franguntur.
1847 4149 1908 4206 253

298 4259 520 4318 adriaco-conto
537 4255 672 4314 dativum
687 4275 754 4313 cum
769 4252 832 4324 Pio,
845 4252 979 4323 Thilone,
992 4252 1136 4328 Langeno
1151 4251 1359 4329 accipiendum
1369 4258 1456 4330 puto:
1479 4251 1671 4312 Burmannus
1685 4259 1717 4312 et
1731 4273 1812 4331 seqq.
1825 4255 1908 4316 abla-

296 4365 402 4422 tivum.
485 4361 544 4420 323
566 4361 660 4435 facile
680 4361 763 4419 varie
784 4360 964 4438 explicatum
986 4364 1041 4416 est.
1062 4358 1149 4416 Pius:
1170 4376 1247 4434 quae
1261 4355 1349 4418 facile
1362 4360 1527 4437 expugnari
1542 4367 1681 4436 possent;
1704 4359 1906 4428 Burmannus,

298 4467 473 4535 Delamalle,
490 4467 626 4538 Genesin,
641 4466 786 4544 Huguet:
808 4468 883 4540 qnae
905 4465 1022 4526 cultiori
1038 4471 1068 4524 et
1082 4464 1249 4524 humaniori
1272 4465 1352 4522 vitae
1373 4461 1462 4523 facile
1483 4465 1582 4523 omnia
1603 4466 1814 4543 suppeditant3
1841 4469 1907 4528 Ma-

296 4573 402 4646 serius,
424 4571 529 4642 Bnnio,
549 4571 693 4649 Langen:
715 4573 887 4649 hospitales.
909 4572 1081 4631 Burrnanno
1104 4573 1260 4630 assentior.
1342 4571 1401 4630 422
1423 4573 1729 4634 haerentes-coraibus
1751 4574 1825 4635 ollis
1841 4575 1906 4634 Ma-

296 4681 401 4737 serius.
414 4677 614 4738 Burmannus.
626 4677 832 4752 Pindemonte,
845 4677 1020 4747 Delamalle,
1034 4677 1188 4736 Bendicho
1208 4699 1229 4754 y
1253 4676 1365 4754 Quilty,
1379 4677 1538 4736 Harmand
1560 4679 1602 4736 ita
1623 4680 1813 4757 interpretati
1825 4687 1906 4738 sunt:

296 4807 402 4848 cervos
416 4787 577 4864 implicitos
589 4788 680 4846 ramis
692 4785 841 4846 arborum.
853 4785 978 4846 Rectius
992 4785 1075 4856 Pius,
1087 4785 1189 4849 anio,
1198 4784 1346 4861 Wagner,
1359 4783 1495 4853 Oaussin,
1508 4785 1641 4862 Huguet‚
1652 4785 1788 4862 Langen:
1801 4807 1907 4847 cervos

297 4899 375 4954 inter
396 4915 429 4954 se
450 4895 599 4954 luctantes
620 4894 819 4969 comibnsqne
841 4895 1010 4972 implicitos.
1094 4895 1154 4952 435
1166 4912 1281 4970 poscae
1296 4911 1351 4970 pro
1366 4891 1552 4952 armantibus
1566 4892 1761 4970 pascentibus
1775 4895 1905 4972 positum

295 5021 362 5061 esse
383 5002 508 5080 Langen
531 5009 613 5060 recte
635 5001 719 5060 vidit.
743 5008 852 5062 neclan
874 5001 1012 5078 Wagner
1034 5002 1183 5077 intellegit
1204 5009 1349 5060 mortem:
1372 4999 1463 5075 Pius,
1487 4999 1644 5066 Maserius,
1670 5019 1761 5076 seqq:
1791 4999 1905 5061 fumum

295 5111 526 5169 densissimum:
550 5109 665 5170 melius.
748 5112 805 5170 561
829 5131 932 5170 careres
951 5110 1025 5169 Pius
1040 5111 1188 5188 explicat:
1211 5109 1356 5187 spoliatus
1377 5126 1521 5186 corpore;
1544 5109 1713 5167 Maserius:
1736 5129 1841 5168 cassus
1865 5113 1906 5170 ln-

296 5218 395 5290 mine;
418 5216 545 5276 Caussin
566 5224 598 5277 et
617 5219 762 5296 Huguet:
784 5221 955 5279 incassum:
978 5219 1164 5278 Delamslle:
1188 5237 1292 5277 cassus
1313 5217 1459 5293 sangnine
1470 5235 1477 5290 ;
1500 5215 1697 5275 Pindemonte
1718 5224 1750 5276 et
1771 5218 1906 5298 Langen:

296 5323 510 5384 moribundus:
532 5325 587 5386 sed
608 5345 711 5386 casceca
733 5325 771 5384 ad
793 5325 924 5386 animam
947 5327 1096 5402 lucemque
1118 5343 1223 5384 versus
1251 5321 1460 5401 praecedentis
1481 5321 1672 5381 referendum
1694 5329 1760 5387 est,
1783 5329 1816 5382 ut
1847 5325 1908 5382 Leo

296 5433 380 5493 vidit.
405 5435 541 5506 serebant
561 5455 616 5512 pro
638 5433 816 5493 auferebant
837 5435 989 5512 accipiens
1011 5435 1039 5492 in
1063 5442 1179 5512 turpem
1201 5451 1333 5491 errorem
1355 5431 1492 5506 Wagner
1515 5431 1616 5508 lapsus
1636 5437 1702 5490 est:
1726 5438 1808 5490 recte
1834 5433 1907 5490 Pius
