4872 6432
833 431 1152 487 PROLEGOMENON
1177 431 1303 488 CAPVT
1323 434 1361 488 ll.
1823 437 1912 491 XVII

384 587 467 660 Quae
483 589 616 648 camnine
630 589 669 646 ad
682 589 827 648 Flaccum
840 589 968 648 eundem
981 590 1133 666 pertinere
1147 609 1182 648 ex
1196 591 1296 668 patria
1316 591 1465 650 Patavina
1480 593 1510 650 in
1530 595 1655 667 utroque
1677 598 1910 651 commemorata

304 701 385 753 recte
407 694 578 771 colligitur:
601 695 640 754 ad
662 695 815 755 Valerium
836 701 972 754 nostrum
993 701 1094 756 autem
1115 715 1173 754 non
1195 715 1261 755 esse
1283 697 1441 756 referenda
1455 717 1513 774 qno
1533 697 1686 777 probetur,
1708 718 1800 758 uuum
1821 720 1912 776 argu-

302 807 444 872 mentum,
468 802 524 860 sed
544 802 746 862 certissimum
766 804 797 861 in
817 808 959 880 promptu
980 809 1036 860 est.
1057 803 1259 862 Transeamus
1280 805 1358 862 enhn
1380 803 1479 882 adep.
1495 803 1543 863 IX
1564 807 1611 880 55,
1635 805 1664 864 Χ
1686 807 1741 864 48:
1765 807 1794 864 in
1816 806 1872 866 hoc
1888 807 1911 883 ¹)

304 908 456 968 Martialis
477 909 630 986 Flaccum,
653 909 787 986 Stellam,
810 911 883 969 alios
897 911 936 970 ad
951 930 984 970 se
1005 917 1102 977 vocat,
1124 913 1155 970 in
1177 913 1226 970 illc
1240 915 1264 990 2)
1278 919 1378 972 autem
1392 913 1501 972 Flacco
1517 913 1686 990 Stellaeque
1707 914 1821 990 turdos,
1836 933 1911 990 qnos

302 1017 339 1074 iis
360 1019 523 1094 paraverit,
546 1037 578 1076 se
601 1017 782 1078 donaturum
803 1024 903 1095 negat.
927 1021 1067 1080 Carmina
1088 1021 1182 1096 igitur
1202 1021 1219 1078 Ι
1239 1021 1287 1096 76,
1309 1021 1357 1080 IX
1378 1023 1425 1088 ὃὸ,
1449 1022 1480 1080 Χ
1493 1021 1534 1080 48
1548 1022 1588 1080 ad
1609 1022 1736 1080 eundern
1756 1022 1910 1094 Flaccum,

304 1124 416 1184 Stellae
438 1145 472 1185 ac
494 1125 645 1184 Martialis
665 1123 939 1202 familiarissimum,
962 1128 1033 1203 quin
1054 1125 1226 1186 referantur
1249 1129 1370 1186 minime
1399 1127 1521 1188 dubito:
1544 1147 1612 1188 cum
1640 1135 1739 1188 autem
1760 1129 1911 1187 Martialis

302 1229 412 1290 librum
431 1251 542 1290 nonum
564 1233 770 1308 decimamque
791 1240 860 1310 post
880 1233 994 1293 Valerii
1015 1241 1143 1294 mortem
1164 1237 1372 1314 composuerit,
1384 1237 1527 1296 Flaccum
1542 1238 1693 1314 illum,qui
1709 1238 1739 1296 iu
1754 1256 1799 1315 ep.
1822 1236 1839 1294 I
1859 1239 1910 1309 61,

303 1337 360 1408 76;
383 1336 431 1396 IX
453 1339 512 1409 553
535 1337 565 1395 X
586 1337 626 1394 48
646 1343 846 1400 memoratur.
869 1357 936 1397 cnm
957 1346 1045 1417 poeta
1067 1347 1169 1400 nostro
1196 1341 1269 1400 nihil
1298 1361 1452 1400 commune
1474 1340 1615 1401 habuisse
1642 1344 1730 1419 plane
1752 1348 1911 1401 consenta-

306 1465 395 1506 neum
417 1453 473 1508 est.
1905 1427 1910 1442 ’

384 1556 499 1633 Itaque,
512 1557 538 1614 si
553 1557 666 1614 nullum
680 1555 718 1616 de
731 1556 846 1616 Valerii
866 1559 965 1636 patria
986 1559 1188 1618 testimouium
1210 1559 1291 1637 apud
1311 1561 1483 1618 Martialem
1505 1559 1636 1636 reperire
1649 1577 1814 1635 possumus,
1831 1557 1909 1617 Cor-

308 1663 406 1724 radini
426 1666 577 1724 sententia
597 1665 672 1723 satis
693 1664 859 1742 probabilis
880 1667 1082 1726 existimanda
1102 1674 1157 1726 est.

382 1769 511 1844 Reliqua
532 1789 603 1829 vero
624 1770 774 1830 Martialis
796 1774 930 1831 carmina
950 1779 1050 1832 utrum
1072 1775 1111 1832 ad
1131 1774 1258 1832 eundem
1278 1774 1422 1832 Flaccum
1449 1771 1607 1832 referenda
1629 1773 1690 1830 sint
1717 1790 1811 1830 necne
1833 1771 1909 1829 diiu-

300 1877 404 1936 dicare
426 1896 485 1935 non
508 1876 611 1948 audeo,
627 1897 662 1935 ex
683 1877 791 1954 quibus
806 1883 915 1943 tamen.
930 1881 957 1938 si
971 1879 1049 1939 forte
1070 1881 1108 1939 ad
1129 1887 1265 1940 nostrum
1286 1885 1405 1958 poetam
1425 1881 1604 1958 pertineant,
1626 1877 1699 1936 nihil
1722 1877 1803 1936 alind
1819 1897 1906 1951 quam

299 1983 455 2043 Valerium
476 1985 658 2044 Amazonico
678 2005 772 2062 puero
793 1985 881 2044 valde
904 1986 1084 2046 delectatum
1104 2006 1170 2047 esse
1184 1987 1217 2064 ³),
1240 1988 1356 2047 discere
1377 2005 1544 2064 possumus.

384 2091 467 2163 Quae
490 2093 584 2168 igitur
598 2091 635 2150 de
650 2090 763 2150 Valerii
784 2099 892 2164 aetate,
913 2094 986 2169 loco,
1002 2093 1143 2170 moribus,
1165 2094 1341 2170 singillatim
1355 2113 1390 2153 ac
1405 2092 1556 2168 distincte,
1572 2092 1722 2151 Martialis
1738 2092 1908 2151 testimonio

300 2199 380 2270 freti,
402 2200 461 2258 viri
483 2197 564 2258 docti
586 2204 803 2274 congesserunt
822 2201 902 2258 omni
923 2218 996 2258 sane
1024 2201 1203 2259 auctoritate
1230 2205 1351 2260 carent:
1373 2199 1448 2258 nihil
1469 2197 1550 2258 aliud
1578 2198 1658 2257 enim
1685 2197 1743 2256 nisi
1771 2202 1907 2255 nostrum

299 2313 418 2384 poetam
438 2325 473 2364 ex
494 2305 741 2382 quindecimviris
761 2307 857 2366 sacris
876 2304 1027 2365 faciundis
1047 2305 1141 2365 fuisse
1163 2304 1208 2387 [ex
1228 2307 1304 2383 Arg.
1327 2305 1343 2364 Ι
1364 2304 1426 2386 5-71
1446 2299 1631 2382 compertuui
1652 2303 1806 2362 habemus.

380 2413 494 2490 Itaque,
518 2421 569 2488 ut,
591 2431 667 2488 qnae
688 2413 726 2472 de
747 2412 861 2472 Valerii
883 2415 947 2472 vita
968 2415 1131 2472 constituta
1151 2415 1231 2490 sint,
1254 2412 1390 2474 breviter
1411 2414 1594 2492 amplectar,
1623 2417 1711 2490 poeta
1733 2411 1764 2471 C.
1793 2409 1908 2471 Valerii

300 2522 404 2583 Flacci
427 2521 520 2582 Bulbi
542 2521 637 2582 Setini
658 2521 777 2580 nomina
797 2519 926 2580 fortasse
949 2520 1070 2587 habaiu
1092 2521 1201 2597 Setiae,
1225 2522 1255 2580 in
1282 2520 1357 2580 urbe
1378 2521 1570 2599 Campaniae,
1592 2519 1797 2578 verisimiliter
1817 2521 1908 2576 natus

299 2636 362 2702 eet;
385 2647 420 2687 ex
441 2627 688 2705 quindecimviris
709 2627 781 2700 suia
798 2629 878 2686 iutra
891 2647 984 2686 armos
997 2627 1134 2687 LXXIX
1147 2634 1178 2687 et
1192 2627 1247 2688 XC
1262 2633 1330 2706 post
1344 2627 1498 2687 Christum
1517 2633 1621 2684 natum
1644 2627 1803 2684 immature
1820 2621 1906 2681 obiit.

964 2951 1145 3028 CAPVT
1172 2953 1241 3027 Hi.

381 3165 458 3224 Tres
480 3171 551 3224 sunt
571 3164 690 3223 codices
705 3183 779 3241 quos
793 3165 852 3222 viri
863 3164 944 3223 docti
958 3163 997 3222 ad
1008 3164 1121 3223 Valerii
1134 3163 1238 3224 Flacci
1259 3169 1372 3222 textum
1386 3161 1628 3222 constituendum
1642 3163 1803 3240 praecipue
1821 3159 1907 3219 adhi-

299 3270 446 3330 buerunt:
469 3271 636 3330 Vaticanus
657 3270 737 3330 3277
758 3267 828 3351 [V],
850 3270 1057 3348 Sangallensis
1080 3267 1133 3350 [8],
1156 3269 1310 3330 Carrionis
1329 3267 1407 3327 liber
1428 3265 1484 3350 [Oi.
1509 3267 1555 3326 Ex
1580 3267 1626 3325 his
1647 3267 1813 3326 Vaticanus
1836 3273 1904 3325 tan·

299 3383 363 3438 tum
383 3379 414 3436 iu
435 3383 539 3437 nostra
559 3377 680 3436 saecula
700 3377 847 3454 pervenit,
869 3377 925 3434 sed
945 3376 1171 3454 Sangallensem
1192 3395 1227 3433 ex
1241 3377 1305 3435 eius
1321 3374 1503 3454 apographis
1518 3381 1549 3434 et
1565 3375 1717 3435 Carrionis
1738 3373 1849 3434 librum
1871 3393 1906 3432 ex

300 3485 421 3544 scholiis
443 3483 753 3562 castigationibusque
773 3485 803 3541 in
824 3481 1005 3543 editionibus
1025 3483 1225 3542 Plautiniauis
1246 3483 1340 3541 textui
1361 3481 1488 3541 adiectis
1502 3482 1639 3559 cognitos
1655 3482 1729 3539 satis
1750 3477 1906 3538 habemus.

301 3593 382 3665 Quos
401 3594 520 3653 codices
540 3591 788 3668 quemadmodum
811 3613 861 3650 ars
881 3593 987 3650 critica
1008 3591 1152 3650 adhibere
1172 3563 1266 3669 possit
1290 3598 1321 3650 ut
1342 3590 1520 3669 probemus,
1545 3590 1582 3649 dc
1602 3609 1702 3649 eorum
1730 3588 1903 3648 condicione

303 3701 390 3761 nobis
412 3699 619 3760 disserendum
641 3706 712 3758 est:

382 3808 548 3866 Vaticanus
569 3807 658 3880 3277,
680 3804 935 3882 membranaceus,
957 3807 1076 3864 saeculo
1097 3825 1174 3864 nono
1195 3807 1335 3883 scriptus,
1351 3805 1482 3864 omnium
1503 3803 1618 3864 Valerii
1641 3805 1743 3864 Flacci
1766 3804 1902 3863 codicum

304 3913 529 3992 antiquissimus
549 3919 605 3972 est.
626 3911 673 3970 Ex
694 3913 816 3972 ultimae
837 3887 1016 3972 Germaniae
1043 3911 1185 3972 coenobio
1205 3912 1333 3988 quodam
1354 3913 1480 3971 Romam
1501 3913 1532 3970 iu
1553 3912 1654 3971 Fulvii
1669 3912 1774 3972 Ursini
1796 3910 1905 3970 biblio·

301 4023 420 4082 thecam
434 4022 504 4080 olim
520 4021 637 4092 allatus,
653 4025 758 4098 postca
771 4020 802 4078 in
816 4018 995 4078 Vaticanum
1018 4019 1119 4078 venit:
1144 4039 1220 4077 anno
1243 4019 1320 4076 1797
1342 4039 1360 4076 a
1380 4019 1588 4095 Franccgallis
1610 4023 1776 4095 surreptus,
1798 4015 1905 4076 biblio-

305 4129 410 4188 thecae
430 4127 595 4188 Parisiensi
616 4127 798 4204 aliquamdiu
819 4127 886 4196 fuit,
908 4126 988 4186 unde
1002 4127 1167 4186 Vaticanae
1182 4128 1340 4185 restitutus
1354 4131 1409 4184 est.
1425 4125 1473 4186 Ad
1495 4127 1701 4201 Argonautica
1720 4125 1904 4184 recensenda

302 4239 385 4313 Pius,
397 4238 549 4314 Heinsius,
561 4236 728 4296 Delamalle
743 4254 811 4294 eum
825 4233 1034 4297 adhibuerunt,
1050 4232 1158 4293 deinde
1172 4233 1259 4293 Thilo
1281 4234 1393 4293 codicis
1413 4234 1543 4311 speciem
1564 4239 1719 4292 externam
1741 4234 1902 4314 descripsit

300 4363 462 4420 cannasque
484 4345 628 4404 lectiones
648 4343 810 4420 diligenter
831 4341 995 4400 adnotavit.

381 4453 551 4528 Antequam
566 4450 604 4508 de
614 4449 755 4508 Vaticani
769 4447 882 4506 codicis
896 4447 1068 4508 condicione
1082 4448 1257 4524 singillatim
1272 4449 1352 4524 loqui
1367 4449 1529 4521 instituam,
1546 4448 1617 4506 mihi
1632 4448 1828 4526 repetendum
1844 4455 1900 4508 est.

299 4557 378 4634 quod
399 4543 492 4636 su'pra
514 4557 585 4628 dixi,
608 4575 673 4614 eum
696 4557 818 4632 reliquis
833 4558 1058 4632 Argonauticon
1073 4554 1228 4615 codicibus
1242 4559 1394 4614 vetustate
1410 4554 1498 4612 valde
1519 4561 1682 4632 praestare.
1699 4555 1768 4614 Huc
1783 4556 1899 4615 accedit

299 4665 379 4742 quod
400 4665 518 4725 librarii
540 4663 662 4732 indocti,
684 4663 733 4740 qui
754 4661 937 4720 Vaticanum
958 4667 1126 4720 exararunt.
1142 4660 1180 4720 ab
1196 4659 1475 4738 interpolationibus
1496 4663 1615 4720 omuino
1629 4681 1662 4722 se
1677 4662 1896 4722 abstinuerunt:

374 4854 394 4922 ¹)
413 4871 441 4906 v.
461 4853 486 4905 5.
506 4851 605 4915 Stella,
625 4850 728 4922 Nepae,
748 4848 827 4920 Capi,
847 4847 976 4916 Cerialia,
995 4847 1104 4915 Flacca,
1126 4851 1252 4903 venitis?

372 4951 394 5022 ²)
415 4969 440 5004 v.
459 4951 485 5004 2.
504 4949 574 5004 dum
594 4948 701 5003 Stellae
719 4947 828 5012 turdos
848 4947 918 4999 dum
937 4945 999 5005 tibi,
1018 4945 1127 5014 Flacce,
1147 4963 1224 5016 paro.

414 5068 440 5103 v.
460 5049 486 5102 8.
506 5065 557 5102 nec
578 5047 684 5101 Stellae
703 5047 812 5113 turdos,
832 5063 883 5098 uec
902 5045 965 5112 tibi,
985 5045 1093 5112 Flacce,
1113 5044 1195 5098 dabo.

371 5147 393 5218 θ)
412 5147 465 5216 Ep.
484 5145 526 5200 IV
545 5145 588 5199 42.
609 5145 639 5199 Si
659 5149 724 5216 quis
738 5143 813 5198 forte
833 5143 905 5197 mihi
924 5149 1016 5216 possit
1034 5150 1181 5216 praestare
1201 5151 1324 5215 roganti,

610 5244 686 5310 audi,
705 5261 791 5314 quem
811 5259 941 5314 paenam.
961 5242 1071 5300 Flacca.
1091 5261 1193 5310 rogare
1213 5244 1310 5298 velim.

612 5465 624 5487 α
636 5440 716 5494 Talis
734 5447 797 5494 erat
810 5465 822 5486 ι»
842 5441 915 5494 dicis
936 5447 1060 5494 «noster
1079 5441 1307 5494 Amazonicus».

301 5541 434 5612 Namque
453 5559 488 5595 ex
508 5559 552 5613 ep.
572 5539 585 5593 Ι
604 5539 647 5603 57,
667 5541 710 5605 59,
724 5541 767 5608 98;
787 5540 827 5595 lV
840 5541 876 5594 49
889 5540 962 5594 nihil
974 5540 1010 5594 de
1024 5539 1134 5594 Valerii
1145 5539 1230 5594 rebus
1243 5542 1396 5610 discimus,
1412 5542 1523 5613 reliqua
1537 5549 1635 5598 autem
1646 5549 1784 5605 carmina.
1798 5545 1906 5602 Flacco

300 5643 415 5696 cuidam
435 5646 581 5714 inscripta.
593 5649 657 5712 post
676 5645 896 5710 nonagesimum
917 5657 1025 5693 annum
1045 5657 1070 5708 p.
1090 5639 1156 5692 Chr.
1176 5657 1203 5692 u.
1223 5639 1354 5694 cerifecta
1371 5651 1448 5694 saint.
