4872 6432
558 433 612 487 xn
1084 387 1405 484 Pnomcouuivcu
1423 427 1552 483 cnrvr
1571 427 1626 482 ru.

678 588 708 664 d)
729 585 806 647 Cum
827 585 978 646 interdum
999 584 1214 661 Sangalleasis,
1237 585 1412 662 saepissime
1432 603 1505 643 vero
1519 583 1597 642 liber
1612 582 1765 667 Carrionis
1779 582 1818 641 ab
1833 581 2098 660 interpolatoribus
2112 603 2164 642 ve-

557 699 646 752 xatus
666 695 714 768 sit,
739 691 790 751 ubi
810 691 869 752 viri
890 691 970 751 docti
990 691 1132 751 Vaticani
1153 691 1338 768 corruptelas
1359 691 1470 750 leniore
1490 689 1640 749 medicina
1659 689 1843 766 sanaverint,
1855 707 1957 749 eorum
1977 690 2165 748 coniecturas

556 801 645 876 longe
664 797 828 878 praeferre.

679 908 704 984 e)
728 905 804 966 Cum
825 908 856 964 in
876 905 999 964 Valerio
1019 908 1143 983 propter
1163 905 1228 962 eius
1248 904 1357 963 durum
1378 903 1498 963 dicendi
1519 922 1615 980 genus
1636 903 1729 961 multa
1749 903 1810 962 sint
1831 921 1907 979 quae
1923 903 2021 980 magis
2035 902 2166 980 explica·

557 1017 638 1074 tione
659 1035 748 1090 quam
770 1015 942 1073 coniectura
965 1011 1131 1088 indigeant,
1142 1010 1283 1070 Vaticani
1303 1013 1471 1088 scripturas
1492 1030 1581 1086 quam
1601 1011 1728 1069 maxime
1741 1028 1873 1069 servare:
1889 1008 1942 1068 ubi
1955 1014 2167 1068 autememen-

560 1123 681 1183 datione
703 1141 778 1200 opus
800 1123 850 1193 sit,
872 1141 890 1179 a
910 1121 1023 1192 litteris
1043 1119 1166 1178 traditis
1187 1139 1275 1195 quam
1296 1119 1418 1178 minime
1440 1119 1591 1178 recedere.

1220 1444 1401 1522 CAPVT
1428 1445 1498 1520 IV.

638 1659 685 1717 De
706 1657 821 1717 Valerii
842 1655 943 1717 verbis
964 1656 1149 1733 explicandis
1162 1656 1220 1715 viri
1236 1655 1316 1714 docti
1338 1654 1499 1714 admodum
1519 1657 1598 1714 inter
1619 1673 1651 1713 se
1665 1653 1889 1713 dissenserunt:
1905 1651 1986 1711 haud
2000 1654 2089 1730 pauci
2105 1652 2161 1710 loci

558 1766 816 1827 animadversione
837 1765 924 1842 digni
945 1763 1016 1822 mihi
1037 1764 1095 1823 visi
1116 1771 1195 1840 sunt,
1218 1783 1291 1840 quos
1311 1763 1368 1823 hoc
1389 1766 1488 1842 capite
1509 1761 1769 1840 comprehendam.

641 1872 709 1931 Lib.
731 1872 756 1930 Ι.
781 1873 818 1930 15
839 1871 894 1930 ille
915 1872 986 1947 quin
1007 1870 1047 1929 ad
1066 1870 1168 1928 Titum
1189 1869 1347 1944 referatur,
1370 1875 1403 1928 ut
1424 1872 1484 1930 iam
1505 1869 1609 1930 Carrio
1643 1870 1759 1941 statuit,
1792 1869 1913 1928 minime
1944 1869 2068 1929 dubium
2099 1875 2155 1929 est:

558 2001 717 2062 perperam
736 1980 925 2052 Parrhasius,
946 1979 1027 2055 Pius,
1050 1979 1207 2054 Maserius,
1229 1961 1405 2053 Delamalle,
1426 1977 1593 2050 Weichert,
1614 1978 1710 2050 Thilo,
1733 1978 1874 2050 Schenkl,
1890 1979 1941 2036 alii
1955 1979 2160 2037 Domitianum

558 2088 778 2146 intellexerunt.
800 2086 982 2163 delubraque
999 2086 1100 2160 penti:
1119 2085 1263 2162 templum
1287 2085 1372 2160 genti
1391 2085 1516 2144 Flaviae
1536 2084 1699 2144 dicandum
1719 2084 1909 2160 Parrhasius,
1931 2084 2013 2156 Pius,
2036 2085 2087 2143 alii
2116 2103 2166 2144 ex·

558 2193 718 2272 plicarunt.
740 2191 930 2251 Burmannus
952 2190 990 2249 de
1010 2197 1100 2266 gente
1121 2191 1247 2250 Iudaica
1267 2193 1422 2268 cogitavit.
1442 2190 1595 2262 Heinsius,
1617 2190 1731 2268 Haupt,
1754 2192 1804 2250 alii
1825 2192 1922 2250 locum
1943 2193 2019 2250 satis
2040 2211 2100 2251 non
2121 2191 2166 2250 in-

559 2298 713 2356 tellectum
733 2298 826 2356 variis
848 2297 1028 2356 coniecturis
1048 2303 1244 2355 vexaverunt.
1267 2296 1343 2355 Mihi
1364 2316 1437 2357 vero
1457 2297 1506 2355 hic
1528 2298 1610 2356 locus
1632 2298 1676 2356 sic
1697 2296 1893 2375 explicandus
1914 2296 2055 2356 videtur:
2071 2303 2102 2356 et
2116 2297 2167 2356 de-

559 2405 647 2465 lubra
669 2405 806 2464 instituet
828 2404 880 2464 ubi
899 2405 1026 2484 populus
1048 2411 1078 2464 te
1099 2405 1196 2464 colere
1216 2407 1320 2482 possit.
1337 2405 1416 2481 quod
1430 2406 1490 2465 iam
1503 2405 1700 2466 Pindemonte
1714 2406 1852 2464 coniecit.
1934 2405 1974 2463 23
1987 2405 2093 2479 prucis
2107 2423 2167 2463 non

559 2519 658 2572 aetate
679 2509 770 2593 [Pius,
792 2512 932 2584 Bulaeus,
954 2513 1129 2577 Delamalle.
1152 2512 1288 2589 Caussin,
1310 2513 1466 2573 Bendicho
1486 2535 1507 2592 y
1529 2513 1641 2592 Quilty,
1662 2514 1775 2586 Pirani,
1798 2513 1944 2594 Langenl,
1968 2512 2024 2572 sad
2057 2513 2166 2591 populo

560 2619 722 2696 [Heinsius
737 2620 937 2692 Burmannus,
952 2620 1099 2698 Wagner,
1113 2620 1217 2693 Bazio,
1232 2620 1450 2704 Pindemonte].
1533 2624 1572 2681 45
1586 2623 1667 2681 hunc
1680 2641 1802 2682 versum
1817 2623 1847 2681 in
1862 2627 1978 2681 textum
1991 2641 2051 2680 non
2066 2621 2166 2698 recepi

559 2725 624 2784 sive
645 2727 714 2802 quia
734 2746 753 2783 a
773 2725 859 2785 libris
880 2725 1047 2805 potioribus
1069 2725 1171 2804 abest,
1193 2729 1258 2787 sive
1279 2729 1349 2803 quia
1369 2749 1440 2786 num
1461 2730 1606 2790 solennia
1626 2747 1744 2789 meracae
1764 2728 1857 2788 latine
1878 2728 1993 2787 dictum
2013 2729 2055 2786 sit
2075 2727 2165 2786 vehe-

560 2837 676 2892 menter
697 2832 811 2892 dubito.
893 2833 933 2892 59
954 2835 1101 2906 conticuit,
1122 2836 1171 2892 cui
1191 2835 1305 2894 nullum
1325 2835 1475 2895 obiectum
1497 2835 1633 2894 additum
1654 2837 1703 2902 sit,
1726 2836 1888 2894 admodum
1908 2836 2043 2911 languet.
2068 2834 2164 2913 Lejay

559 2939 715 3014 vulgatam
735 2958 831 3017 nuper
851 2938 989 2999 defendit
1009 2942 1053 3000 sic
1075 2941 1246 3019 explicans:
1270 2949 1370 3000 certus
1385 2941 1454 3000 silet
1468 2940 1501 3001 Ο.
1518 2961 1543 3000 c.
1559 2941 1589 3000 S.
1605 2961 1634 3019 p.
1650 2947 1809 3018 certusque
1831 2941 1900 3000 silet
1913 2962 1942 3000 v.
1957 2962 1987 3020 p.
2003 2946 2060 2999 etc.
2078 2938 2165 3012 Quod

560 3045 632 3104 mihi
651 3064 711 3103 non
731 3045 887 3122 probatur,
908 3065 967 3121 qua
988 3066 1029 3124 re,
1051 3046 1269 3106 Baehrensium
1283 3053 1413 3124 secutus,
1430 3053 1527 3108 cerias
1540 3049 1658 3125 scripsi.
1742 3049 1781 3106 63
1800 3054 1937 3108 exterae:
1951 3066 2006 3124 pro
2020 3045 2164 3105 Romanis

558 3151 718 3228 peregrino
739 3151 838 3212 idest
860 3152 998 3212 Colchico
1020 3151 1201 3234 [Loehbach
1223 3153 1370 3230 Koestlin,
1392 3152 1497 3235 Buryl.
1519 3152 1613 3214 cfrv
1629 3155 1696 3230 249,
1711 3155 1787 3226 3603
1802 3153 1882 3213 VIII
1896 3153 1945 3212 97.
2028 3155 2069 3210 74
2082 3152 2165 3210 locus

559 3265 693 3318 vexatus.
715 3259 788 3318 Pius
808 3261 853 3320 sic
874 3262 1018 3340 explicat:
1034 3268 1156 3341 superet
1170 3281 1273 3321 omnes
1287 3263 1497 3321 mandatorum
1508 3260 1703 3321 difficultates
1718 3262 1766 3320 vel
1779 3263 1872 3320 maris
1886 3267 2019 3320 atrocem
2035 3277 2164 3330 cursuum

559 3365 709 3424 Bulaeus:
731 3373 854 3444 superet
875 3373 959 3426 astus
980 3375 1011 3428 et
1031 3370 1157 3428 insidias
1177 3370 1288 3429 Peliae.
1309 3370 1484 3429 Lectionem
1506 3369 1641 3429 codicum
1662 3371 1783 3429 servavi
1803 3369 1883 3428 hunc
1908 3387 1975 3428 esse
2004 3366 2166 3428 verborum

455 3514 457 3518 ψ
561 3472 698 3532 ordinem
719 3481 823 3533 ratus:
845 3477 942 3552 magis
964 3483 1104 3554 capessat
1124 3483 1155 3535 et
1175 3484 1299 3555 superet
1319 3475 1400 3536 freta
1419 3479 1509 3536 iussa.
1592 3479 1632 3537 90
1642 3485 1750 3555 pater:
1764 3478 1913 3536 Maserius
1928 3483 1958 3536 et
1972 3477 2165 3535 Burmannus

560 3585 678 3658 patrem
700 3584 804 3660 gregis
825 3583 925 3643 idest
946 3586 1070 3644 arietem
1091 3587 1310 3645 intellexerunt.
1331 3587 1404 3644 Pius
1425 3588 1712 3646 rectiusAesonem.
1795 3587 1834 3646 99
1855 3589 1977 3648 revehat
2006 3586 2165 3657 Maserius,

561 3688 762 3762 Burmannus,
784 3691 877 3750 Buaio
900 3694 937 3752 de
958 3692 1039 3753 felici
1060 3693 1160 3752 reditu
1180 3695 1342 3772 explicant.
1364 3695 1519 3772 Wagner,
1543 3695 1697 3772 Georges,
1718 3695 1841 3754 Pirani:
1864 3694 1955 3754 vehat
1975 3698 2006 3753 et
2030 3692 2166 3752 revehat.

559 3797 764 3872 Pindemonte,
786 3800 956 3878 Foroessini,
979 3802 1184 3862 Samuellson:
1206 3803 1305 3863 vehat.
1328 3801 1417 3877 Quod
1437 3803 1548 3882 probo:
1569 3807 1687 3864 constat
1701 3804 1779 3864 enim
1795 3802 1923 3863 verbum
1937 3821 2005 3862 cum
2018 3801 2169 3880 particula

561 3923 636 3980 quaa
658 3911 704 3964 est
725 3927 758 3966 re
780 3911 975 3987 compositum
995 3931 1050 3989 pro
1064 3913 1192 3990 simplici
1206 3911 1301 3972 verbo
1315 3914 1436 3991 saepius
1450 3917 1628 3992 usurpatum
1641 3931 1717 3972 esse.
1732 3911 1887 3970 immerito
1902 3912 1995 3988 igitur
2010 3909 2168 3968 Baehrens

561 4014 593 4066 et
613 4010 738 4087 Langen
760 4013 896 4073 codicum
918 4017 1099 4094 scripturam
1114 4017 1355 4090 immutaverunt,
1440 4019 1551 4076 130-48
1571 4018 1708 4076 Koestlin
1729 4023 1870 4092 quattuor
1889 4017 2023 4094 picturas
2038 4015 2086 4075 his
2101 4034 2168 4074 ver-

561 4115 645 4176 sibus
667 4128 913 4180 commemoratas
935 4141 1002 4182 esse
1023 4124 1195 4183 contendit:
1220 4124 1340 4197 13c33,
1364 4126 1484 4194 lan-36,
1509 4125 1630 4197 137-39,
1654 4124 1775 4183 140-48.
1798 4123 1859 4184 Sed
1880 4125 2009 4182 iniuria:
2030 4129 2093 4182 tres
2107 4123 2171 4202 pic-

562 4229 646 4281 turas
669 4225 747 4283 euim
768 4232 851 4286 recte
872 4228 1010 4304 Wagner
1031 4232 1162 4306 agnovit,
1185 4249 1271 4306 quern
1293 4233 1473 4307 posteriores
1495 4233 1590 4290 secuti
1611 4238 1699 4290 sunt:
1735 4232 1865 4303 130-36,
1891 4233 2011 4303 137-39,
2047 4233 2168 4290 14048.

643 4334 700 4392 149
722 4335 801 4394 hunc
816 4355 938 4396 versum
952 4338 1054 4396 multis
1068 4344 1242 4417 suspectum
1256 4339 1311 4397 Ph.
1325 4340 1465 4416 Wagner
1478 4341 1589 4419 optime
1602 4341 1783 4418 explicavit:
1799 4341 1855 4400 hoc
1869 4342 1934 4400 loco
1949 4341 2028 4398 anim
2044 4346 2167 4419 stupere

562 4443 592 4494 et
614 4437 757 4498 admirari
776 4461 868 4500 unum
890 4448 920 4501 et
940 4442 1021 4502 idem
1041 4464 1101 4503 non
1122 4451 1201 4519 sunt,
1223 4446 1278 4504 sed
1297 4452 1395 4524 stupet
1418 4448 1499 4506 ‹die
1520 4447 1732 4524 schweigende
1763 4447 2091 4524 'l'heilnahmlogiglreit
2116 4447 2171 4506 des

561 4548 592 4603 in
613 4549 694 4606 seins
717 4548 834 4627 Sorgen
855 4551 1036 4610 versenkten
1057 4553 1147 4611 Iason
1164 4581 1178 4604 »
1202 4553 1325 4613 indicat.
1407 4556 1467 4614 223
1488 4556 1618 4616 Martem
1640 4557 1725 4616 varie
1747 4555 1923 4633 explicatur.
1946 4554 2035 4613 Pius:
2059 4555 2167 4632 anguis

562 4655 691 4714 Martius
714 4655 905 4741 [Gursching]
928 4661 976 4719 vel
993 4681 1046 4719 ara
1060 4663 1170 4722 Martis
1184 4661 1237 4720 uhi
1250 4669 1317 4722 erat
1330 4683 1452 4722 aureum
1467 4665 1571 4735 vellus,
1586 4664 1753 4722 Maserius:
1773 4664 1857 4722 Mars
1872 4663 1957 4736 deus,
1972 4663 2165 4722 Burmannus

562 4769 592 4821 et
613 4762 762 4822 Caussin:
782 4766 927 4842 proelium
948 4769 1027 4826 inter
1048 4770 1217 4844 terrigenas
1238 4770 1323 4842 illos,
1344 4769 1500 4830 Baehrens
1521 4777 1552 4828 et
1573 4771 1717 4846 Langen:
1742 4789 1846 4848 pugna
1874 4771 1953 4828 inter
1983 4769 2110 4830 Colchos
2139 4743 2179 4828 et¹

563 4869 757 4943 Argonautas
778 4871 817 4929 ad
838 4873 947 4930 ostium
967 4873 1102 4933 Danubii
1123 4881 1197 4933 orta.
1219 4875 1403 4935 Baehrensio
1422 4878 1578 4936 assentior.
1662 4877 1721 4936 253
1737 4879 1813 4938 toris
1825 4897 1881 4955 pro
1895 4883 1960 4935 toro
1975 4877 2090 4936 dictum
2103 4892 2170 4932 essa

562 4977 665 5054 Buaio,
687 4978 793 5050 Kurtz,
816 4979 1002 5040 Samuellson
1023 4982 1250 5054 contenderunt,
1273 4984 1329 5043 sed
1350 4983 1406 5045 hoc
1427 4988 1491 5046 loco
1513 4987 1588 5047 loris
1608 5005 1663 5063 pro
1683 4986 1860 5044 musculosis
1875 4983 2026 5044 bracchiis
2040 5001 2106 5041 esse
2121 5001 2171 5040 ac-

562 5084 733 5162 cipiendum
753 5087 834 5162 Pius,
857 5087 1016 5160 Maserius,
1039 5109 1121 5165 seqq.
1143 5092 1255 5149 rectius
1278 5091 1418 5152 arbitrati
1440 5099 1518 5152 sunt.
1601 5095 1660 5152 265
1682 5113 1717 5152 ex
1738 5093 1873 5154 'Philonis
1898 5095 2049 5155 sententia
2075 5091 2167 5154 Pelea

564 5192 637 5250 deos
656 5199 832 5270 precantem
853 5195 991 5254 Valerius
1012 5196 1086 5257 fecit
1106 5207 1140 5257 ut
1162 5199 1259 5278 ipsum
1281 5201 1312 5258 in
1332 5201 1440 5259 itinere
1453 5201 1576 5260 mallent
1589 5201 1688 5278 perire
1701 5222 1790 5277 quam
1803 5203 1847 5261 ita
1862 5203 1976 5262 reverti
1990 5210 2023 5262 ut
2037 5204 2171 5264 Achillea

563 5301 593 5358 ia
615 5301 694 5359 vivis
716 5320 775 5359 non
796 5309 884 5360 esset.
907 5302 1032 5363 Rectius
1054 5305 1108 5364 Ph.
1131 5305 1268 5382 Wagner
1289 5309 1332 5365 ita
1353 5285 1537 5384 explicavit:
1556 5309 1582 5365 si
1604 5309 1695 5366 vultis
1717 5308 1808 5367 Pelea
1836 5315 1940 5386 optare
1961 5329 2083 5368 currere
2104 5331 2133 5387 p.
2148 5308 2171 5368 f.

563 5416 594 5467 et
614 5393 845 5485 optare'ventos
867 5410 999 5473 ferent-es
1020 5423 1077 5475 etc.
1159 5418 1217 5474 271
1241 5417 1397 5475 lectionem
1417 5437 1506 5492 quam
1528 5417 1627 5496 recepi
1647 5419 1759 5496 optime
1780 5419 1919 5478 Koestlin
1939 5417 2076 5478 defendit
2091 5415 2172 5498 [Phi-
