4872 6432
519 447 576 502 LII
1037 448 1356 504 PROLEGOMENON
1374 449 1502 504 CAPVT
1525 451 1560 505 V.

517 607 606 678 poeta
625 603 773 680 expressit
793 623 849 662 nec
871 601 1009 680 displicet
1030 601 1161 661 iucunda
1180 603 1320 661 variatio.
1336 601 1372 660 In
1395 601 1472 661 libro
1492 611 1610 674 octavo,
1632 611 1666 662 ut
1686 624 1742 682 par
1763 609 1838 674 erat,
1861 605 1949 683 plura
1970 606 2044 664 vitia
2065 606 2123 663 viri

515 705 596 764 docti
611 707 897 797 animadverterunt.
912 707 959 766 De
974 708 1089 767 lacunis
1103 713 1172 786 post
1184 709 1286 767 v.·139
1302 715 1332 770 et
1349 709 1407 767 174
1422 708 1573 769 adnotatis
1588 711 1647 768 iam
1661 710 1808 770 disserui:
1824 711 1940 788 reliqua
1956 711 2121 770 videamus.

515 813 628 874 Versus
651 815 783 874 134140
804 814 989 874 satisfecisse
1010 819 1112 874 nostro
1132 820 1240 893 poetae
1263 815 1440 875 Colchorum
1464 824 1609 875 terrorem
1631 817 1764 892 iramque
1793 817 1907 876 Aeetae
1936 815 2120 876 describenti

514 926 602 1001 plane
623 923 788 984 absurdum
808 923 915 983 Peters
936 923 1084 982 credidit:
1107 929 1212 984 contra
1233 923 1288 983 hoc
1311 923 1375 984 loco
1395 923 1546 983 laudanda
1567 932 1615 984 est
1628 925 1742 984 Valerii
1762 926 1841 983 mira
1859 923 1994 984 brevitas
2008 929 2039 982 et
2054 943 2122 1002 per·

516 1033 669 1112 spicuitas,
691 1053 747 1108 qua
769 1051 819 1091 res
840 1033 949 1091 mentis
977 1033 1071 1091 oculis
1092 1052 1188 1111 paene
1209 1031 1407 1092 subiciuntur.
1431 1033 1467 1092 In
1488 1034 1587 1111 longa,
1609 1053 1685 1110 quae
1707 1035 1850 1110 sequitur,
1867 1034 1973 1092 matris
1995 1032 2123 1091 Medeae

513 1141 729 1200 exclamatione
750 1139 896 1216 Wagner,
919 1137 1059 1215 Schenkl,
1082 1139 1133 1197 alii
1155 1138 1350 1199 vehementer
1372 1139 1572 1200 offenderunt.
1593 1139 1678 1199 Nihil
1691 1141 1868 1219 Apollonius
1890 1140 1927 1199 de
1949 1140 2039 1217 Idyia
2059 1147 2121 1198 tra-

514 1248 643 1318 diderat,
665 1247 719 1306 sed
741 1247 821 1326 apud
841 1247 967 1306 latinum
989 1253 1108 1326 poetam
1129 1253 1226 1306 mater
1248 1248 1401 1308 inducitur
1421 1248 1512 1308 liliam
1535 1269 1619 1307 suem
1636 1247 1775 1308 inanibus
1790 1249 1870 1308 votis
1885 1268 2030 1309 revocans
2044 1249 2122 1308 acri·

514 1355 630 1433 busque
650 1355 754 1414 verbis
774 1359 927 1434 raptorem
950 1374 1119 1414 exsecrans.
1150 1355 1219 1414 Hoc
1240 1354 1381 1414 Valerius
1402 1373 1513 1432 graeco
1535 1356 1698 1434 exemplari
1719 1356 1808 1430 longe
1823 1360 1967 1434 praestat,
1984 1357 2121 1431 quamvis

514 1484 573 1524 non
587 1465 630 1523 ita
643 1464 766 1523 veritati
780 1462 1004 1522 accommodata
1015 1461 1121 1540 Idyiae
1135 1463 1309 1526 lamentatio
1323 1461 1472 1536 videatur,
1488 1462 1543 1522 sed
1553 1467 1655 1522 tamen
1668 1463 1748 1538 quod
1761 1469 1860 1522 mater
1874 1464 1917 1523 ait
1931 1483 1999 1523 cum
2013 1464 2123 1524 Medea

514 1589 547 1632 se
567 1572 697 1631 voluisse
719 1569 865 1649 aufugere
885 1570 942 1631 hoe
963 1572 1026 1630 irae
1047 1577 1077 1628 et
1098 1570 1193 1630 dolori
1216 1571 1339 1631 concedi
1361 1577 1469 1649 potest.
1492 1571 1607 1631 Versus
1622 1573 1735 1632 202-16
1750 1572 1891 1633 secundis
1906 1573 1988 1632 curis
2002 1577 2121 1650 politam

513 1685 581 1758 post
602 1701 630 1738 v.
656 1681 713 1737 174
734 1679 948 1738 collocaturum
969 1678 1062 1738 fuisse
1082 1679 1209 1758 Langen
1231 1679 1353 1738 iudicat.
1375 1678 1417 1737 At
1440 1683 1545 1738 contra
1566 1679 1639 1740 ordo
1653 1699 1796 1740 versuum
1812 1681 1944 1739 traditus
1962 1681 2074 1739 rectius
2088 1699 2122 1738 se

512 1786 624 1847 habere
639 1788 711 1846 mihi
731 1786 861 1845 videtur.
882 1785 971 1858 Nam,
994 1787 1020 1845 si
1041 1786 1160 1846 codices
1180 1788 1341 1864 sequimur,
1358 1786 1483 1846 Medeae
1505 1807 1640 1848 moerore
1662 1787 1818 1860 mnfectae
1833 1795 1902 1866 apte
1915 1788 2031 1848 laetitia
2045 1808 2121 1866 nup·

512 1897 621 1955 tisrum
643 1895 860 1954 imminentium
881 1895 1060 1973 opponitur:
1082 1895 1129 1952 sin
1151 1901 1250 1953 autem
1270 1913 1378 1954 versus
1399 1895 1513 1953 202-16
1534 1902 1605 1973 post
1625 1917 1654 1955 v.
1679 1896 1738 1954 174
1760 1897 2003 1975 transponimus,
2024 1894 2120 1954 verba

513 2003 621 2079 Ergini
642 2003 730 2062 aliam
751 2002 867 2061 reditus
888 2005 969 2062 viam
989 2003 1144 2062 suadentis
1168 2004 1372 2062 narrationem
1387 2004 1510 2062 moleste
1527 2003 1757 2082 interrumpunt.
1772 2025 1801 2064 v.
1816 2007 1877 2062 450
1891 2009 1923 2063 et
1935 2004 1993 2061 451
2011 2001 2050 2062 ab
2065 2002 2121 2060 hoc

512 2111 577 2170 loco
598 2111 709 2170 alienos
731 2109 862 2170 Schenkl
882 2111 1010 2188 putavit,
1032 2108 1087 2168 sed
1108 2112 1155 2168 vir
1176 2109 1281 2169 doctus
1303 2110 1400 2169 locum
1422 2131 1546 2189 prorsus
1569 2130 1628 2170 non
1649 2113 1805 2175 intellexit.
1828 2111 1938 2171 Medea
1966 2109 2053 2180 enim,
2076 2112 2122 2168 ira

513 2218 617 2278 fursus
639 2223 728 2296 atque
750 2218 851 2278 dolore
873 2215 931 2298 [cfr
952 2239 980 2277 v.
1002 2216 1082 2300 4461,
1104 2218 1273 2294 terrigenas
1294 2223 1456 2294 taurosque
1478 2218 1544 2280 illos
1565 2218 1653 2297 sugit,
1669 2220 1719 2296 qui
1741 2219 1799 2279 sibi
1821 2219 1879 2298 ipsi
1900 2238 1986 2278 suurn
2007 2219 2121 2278 crimen

450 2327 453 2338 '
513 2327 545 2385 in
565 2331 695 2386 mentem
717 2327 884 2386 revolventi
904 2345 999 2405 paene
1021 2325 1127 2385 adesse
1149 2326 1300 2386 videntur.
1320 2326 1396 2386 Post
1416 2348 1445 2386 v.
1461 2327 1521 2386 463
1543 2327 1673 2388 fortasse
1693 2347 1752 2387 non
1773 2327 1855 2386 nulla
1869 2325 2018 2386 excidisse
2039 2330 2121 2384 recte

515 2434 602 2494 Thilo
622 2437 749 2493 statuit:
772 2433 826 2493 sed
847 2454 884 2494 ea
902 2453 978 2510 quae
999 2434 1030 2494 in
1051 2433 1190 2494 versibus
1210 2437 1370 2513 postremis
1390 2435 1549 2496 offensioni
1570 2436 1656 2496 nobis
1677 2441 1747 2495 sunt
1769 2435 1808 2495 ad
1827 2433 2020 2494 librariorum
2041 2433 2119 2491 desi-

514 2539 595 2599 diam
616 2541 675 2598 iam
696 2559 771 2619 opus
792 2540 1227 2617 interrumperestatueutium
1247 2541 1347 2618 potins
1370 2539 1530 2600 referenda
1551 2546 1630 2599 suut.

595 2645 684 2706 Nunc
705 2667 778 2707 vero
799 2647 838 2706 ad
859 2667 910 2707 sos
930 2649 1011 2707 locos
1033 2648 1187 2706 veniamus
1208 2649 1258 2724 qui
1271 2647 1403 2707 nondum
1425 2668 1443 2706 a
1463 2653 1552 2726 potita
1564 2648 1649 2726 politi
1664 2653 1753 2724 atque
1767 2645 1919 2706 emendati
1933 2646 2007 2704 viris
2022 2643 2119 2703 doctis

515 2754 573 2814 visi
594 2761 673 2813 sunt.
696 2754 742 2814 Ea
762 2774 837 2831 quae
859 2755 890 2814 in
911 2775 939 2814 v.
962 2754 979 2812 1
1000 2756 1038 2813 22
1059 2761 1091 2813 et
1111 2755 1145 2814 Π
1166 2754 1237 2815 6-71
1253 2755 1341 2815 Thilo
1363 2756 1471 2831 aliique
1492 2755 1685 2814 offenderunt
1705 2775 1740 2814 eo
1761 2753 1931 2814 excttsanda
1945 2759 2016 2812 sunt
2040 2751 2119 2829 quod

513 2860 653 2920 Valerius
667 2882 716 2921 res
736 2863 956 2940 geographicas
976 2863 1086 2922 leviter
1107 2863 1234 2922 curavit:
1257 2862 1295 2923 de
1315 2883 1373 2939 quo
1394 2861 1442 2922 cfr
1454 2862 1614 2923 Harmand
1637 2883 1683 2942 op.
1698 2864 1778 2923 laud.
1794 2885 1822 2942 p.
1837 2861 2036 2938 arenaque
2050 2879 2120 2920 vero

515 2989 592 3046 quae
613 2971 651 3030 de
671 2971 722 3030 111
743 2973 800 3031 501
824 2977 854 3032 et
874 2971 902 3030 V
925 2972 982 3030 192
1013 2989 1095 3048 seqq.
1117 2971 1270 3030 Summers
1292 2971 1459 3048 disputavit
1478 2971 1573 3050 pluris
1603 2974 1744 3032 momenti
1766 2981 1855 3030 sunt:
1878 2970 2018 3029 Valerius
2039 2968 2118 3027 enim

450 3141 456 3150 ,
515 3098 574 3138 non
595 3079 751 3139 historiam
772 3080 827 3140 sed
847 3085 952 3158 poema
973 3081 1140 3157 composuit
1159 3080 1312 3156 multaque
1326 3080 1422 3158 politis
1437 3078 1630 3139 concedenda
1644 3084 1723 3138 sunt.
1735 3079 1785 3138 111
1801 3079 1861 3138 700
1874 3097 1955 3154 seqq.
1972 3077 2121 3135 immerito

514 3188 676 3249 Loehbach
708 3189 847 3249 hocloco
867 3195 987 3268 poetam
1009 3189 1178 3267 vituperat:
1201 3188 1239 3248 de
1259 3208 1319 3264 qua
1339 3207 1371 3248 re
1392 3189 1503 3266 optime
1535 3189 1694 3248 Harmand
1714 3188 1876 3261 disseruit;
1899 3186 1947 3248 cfr
1967 3206 2015 3265 op.
2038 3184 2118 3244 laud.

513 3315 542 3373 p.
564 3295 666 3354 8384.
688 3294 735 3354 De
756 3293 785 3352 V
805 3294 865 3352 477
887 3294 1005 3353 Thiloni
1027 3295 1188 3353 assentior:
1218 3293 1273 3352 sed
1294 3298 1324 3352 et
1344 3292 1400 3352 hoc
1421 3302 1452 3352 et
1473 3294 1531 3352 alia
1552 3294 1687 3354 eiusdem
1713 3294 1834 3372 generis
1856 3293 1976 3368 ingenio
2006 3295 2112 3368 poetae

513 3406 675 3466 tribuenda
689 3411 768 3477 sunt,
789 3405 840 3482 qui
861 3406 933 3464 talia
954 3406 1094 3482 neglexit.
1108 3403 1171 3463 VII
1184 3405 1244 3463 423
1260 3423 1319 3463 non
1339 3405 1435 3463 nullos
1456 3405 1487 3463 in
1508 3411 1591 3463 sexte
1605 3402 1683 3464 libro
1698 3402 1890 3462 librariorum
1905 3401 1993 3478 culpa
2009 3416 2115 3458 versus

513 3511 670 3588 excidisse,
692 3508 800 3586 quibus
822 3529 901 3568 mors
922 3509 1047 3588 Iphidos
1071 3514 1255 3585 narraretur,
1269 3509 1319 3567 vix
1339 3507 1496 3586 Wagnero
1517 3509 1741 3568 assentiendum
1762 3514 1825 3580 est;
1854 3527 1913 3584 qua
1943 3526 1977 3565 re
1998 3505 2116 3564 Thiloni

514 3616 712 3676 concedamus
740 3616 880 3676 hocloco
901 3615 1056 3675 Valerium
1083 3615 1291 3692 neglegentiae
1321 3615 1409 3693 culpa
1436 3613 1619 3673 notandum:
1649 3613 1704 3673 sed
1726 3614 1860 3673 iudicent
1888 3615 2015 3672 lectores
2038 3629 2111 3669 num

513 3743 571 3782 uno
591 3724 642 3784 vel
662 3723 756 3782 altero
776 3724 911 3800 exemplo
932 3727 1052 3800 potitam
1071 3741 1146 3800 opus
1167 3740 1254 3780 suum
1274 3719 1484 3800 imperfectum
1507 3721 1663 3796 reliquisse
1684 3719 1814 3798 probare
1837 3721 1935 3780 hceat.

593 3831 681 3891 Nunc
702 3837 799 3890 restat
818 3837 853 3890 ut
873 3837 1050 3908 argumenta
1070 3828 1250 3901 refellamus,
1272 3848 1347 3905 quae
1369 3829 1483 3905 Peters,
1506 3828 1668 3905 Summers,
1692 3827 1817 3903 haugen
1838 3828 1869 3885 in
1891 3827 2022 3886 medium
2046 3845 2115 3905 pro-

512 3938 655 3998 tulerunt.

592 4047 814 4126 Argumentum
834 4046 954 4124 quidem
973 4046 1102 4105 Petersil
1123 4065 1160 4104 ex
1181 4065 1213 4104 re
1233 4049 1360 4104 metrica
1380 4043 1504 4102 ductum
1526 4043 1694 4120 pronihilo
1714 4042 1882 4121 putandum
1902 4049 1949 4101 est
1972 4043 2002 4119 ¹).
2026 4040 2113 4113 Nam,

512 4155 628 4214 ratione
642 4155 767 4214 metrica
780 4155 966 4233 singulorum
981 4152 1124 4213 librorum
1140 4156 1321 4230 comparata,
1337 4171 1429 4211 causa
1450 4171 1508 4210 non
1528 4157 1576 4210 est
1598 4171 1651 4210 cnr
1671 4150 1781 4210 librum
1803 4157 1942 4210 octavum
1963 4151 2062 4208 minus
2076 4147 2115 4208 ab

513 4265 634 4320 auctore
655 4259 841 4320 elaboratum
861 4280 928 4320 esse
949 4279 1131 4320 censeamus.
1153 4259 1190 4318 Iu
1211 4257 1511 4318 commentationibus
1532 4257 1711 4329 Valerianis,
1732 4275 1807 4334 quas
1821 4277 1890 4316 mox
1903 4258 2048 4326 omittam,
2070 4275 2119 4314 res

513 4371 653 4429 metricas
674 4376 704 4428 et
725 4370 917 4448 prosodiacas
937 4369 977 4428 ad
997 4368 1151 4428 Valerium
1171 4369 1313 4428 Flaccum
1334 4369 1519 4446 pertinentes
1542 4367 1704 4444 diligenter
1724 4367 1927 4444 pertractavi:
1950 4366 1981 4423 in
1996 4373 2115 4442 tempus

514 4485 614 4538 autem
635 4497 779 4556 praesens
801 4497 859 4538 non
880 4479 962 4537 nulla
982 4496 1145 4555 excerpere
1166 4476 1239 4535 mihi
1259 4475 1381 4536 videtur
1402 4483 1436 4535 ut
1455 4475 1585 4534 Petersii
1606 4475 1752 4533 rationem
1772 4473 1944 4532 dissolvam.

586 4667 606 4736 ¹)
621 4665 695 4720 (lum
708 4684 744 4721 ex
757 4665 821 4735 lege
834 4663 1049 4734 Hultgreniana
1063 4669 1149 4733 poeta
1160 4679 1216 4734 quo
1229 4665 1350 4733 quisque
1363 4660 1523 4730 elegantior
1532 4665 1616 4728 esset,
1630 4677 1665 4716 eo
1676 4663 1771 4730 magis
1781 4664 1889 4714 vitaret
1899 4678 1985 4716 usum
1996 4662 2117 4734 spondei

513 4768 652 4834 inprime
664 4764 743 4836 pede,
758 4764 860 4818 Peters
872 4766 978 4818 statuit
991 4761 1098 4816 librum
1112 4769 1247 4816 octavum
1260 4765 1380 4815 minime
1399 4761 1578 4816 elaboratum
1596 4777 1676 4816 esse:
1695 4766 1783 4833 primi
1804 4768 1883 4818 enim
1899 4764 1965 4818 libri
1980 4779 2117 4832 magnam

513 4863 631 4936 spondei
650 4862 842 4936 frequentiam
861 4881 894 4917 eo
913 4859 1106 4916 excusandam
1124 4865 1238 4915 cermuit
1255 4861 1332 4932 quod
1350 4859 1485 4915 Valerius
1504 4864 1615 4916 inerte
1635 4866 1755 4916 metrica
1777 4867 1835 4918 tiro
1853 4861 1958 4918 fuisset
1978 4861 2023 4916 vel
2042 4863 2119 4934 quod

513 4967 622 5018 maiore
640 4961 788 5016 eeleritate
807 4961 843 5015 ad
861 4959 1042 5015 recitandum
1061 4959 1137 5014 hunc
1155 4959 1261 5014 librum
1279 4959 1462 5015 elaborasset.
1471 4959 1609 5016 Koestsrs
1626 4977 1740 5032 quoque
1758 4961 1866 5016 librum
1879 4969 2023 5032 octavum,
2037 4963 2114 5034 quod

513 5064 620 5114 attinet
638 5058 674 5112 ad
692 5059 877 5129 diligentiam
896 5062 1054 5125 metricam,
1072 5063 1252 5130 postremum
1272 5058 1367 5112 locum
1386 5056 1514 5112 obtinere
1533 5057 1683 5112 conclusit:
1701 5057 1752 5112 sed
1772 5075 1872 5113 vereor
1890 5075 1927 5114 ne
1946 5063 1992 5113 vir
2009 5060 2111 5116 doctus

514 5157 641 5224 opinioni
661 5155 798 5225 vulgatas
811 5155 847 5209 de
859 5159 996 5210 carminis
1015 5160 1095 5208 statu
1114 5153 1282 5227 imperfecto
1299 5155 1366 5225 plus
1385 5172 1475 5226 aequo
1499 5154 1649 5210 tribuerit.
1668 5155 1799 5228 Denique
1821 5156 2025 5230 discrepantia,
2043 5175 2118 5230 quae

512 5257 589 5306 inter
606 5271 740 5308 numeros
760 5271 839 5308 rnsos
857 5261 888 5308 et
905 5253 1029 5309 Petersil
1047 5253 1263 5325 Koestersiique
1281 5259 1414 5322 extat,eo
1433 5255 1603 5328 explicanda
1622 5257 1761 5329 estquod
1782 5257 1826 5311 illi
1845 5255 2050 5312 Schenkelium
2070 5257 2117 5312 vel

513 5351 674 5422 Thilonem,
693 5370 746 5424 ego
766 5371 833 5408 vero
852 5371 946 5408 meam
965 5354 1121 5406 aditionem
1140 5361 1256 5408 serratus
1275 5369 1348 5407 sum:
1368 5359 1497 5408 ceterum
1515 5373 1571 5408 non
1586 5373 1642 5408 nno
1661 5355 1723 5409 loco
1741 5355 1901 5410 Koestersii
1921 5361 2000 5411 viam
2022 5375 2056 5410 ac
2075 5376 2119 5411 ra·

513 5455 622 5504 tionem
642 5457 735 5506 reieci.
