4872 6432
532 398 628 452 XLIV
1065 395 1383 451 PROLEGOMBNON
1402 397 1530 452 CAPl'T
1551 398 1600 452 lv.

532 553 598 610 loco
619 551 852 626 intellegendum
874 558 929 610 est.
1013 552 1072 610 698
1082 552 1205 626 naariae
1227 571 1285 610 non
1306 552 1524 611 nominativum
1538 551 1748 633 [Burmannus
1763 555 1909 631 Wagner,
1925 555 2070 636 Huguetl,
2085 556 2140 614 sed

532 659 736 718 accusativum
758 677 826 716 curn
847 657 993 718 Caussino
1015 667 1045 717 et
1066 658 1210 738 Langeno
1231 667 1312 736 puto.
1395 659 1454 718 715
1476 661 1558 719 15555
1580 663 1807 722 vexatissimus:
1829 664 1966 722 codicum
1980 663 2138 722 lectionem

531 766 653 824 servavi
673 765 812 824 Caussini
833 766 1062 844 explicationem
1084 773 1214 842 secutus,
1238 768 1289 843 qui
1310 773 1379 844 post
1400 787 1451 828 aec
1471 769 1545 828 haec
1566 768 1750 828 subaudirit:
1772 769 1923 850 Tyrrheni
1952 771 2062 845 maris,
2084 789 2139 828 nec

530 873 636 950 Aegei,
658 891 713 931 neo
734 872 870 950 Syrtium
891 875 981 932 litora
1000 876 1118 952 longius
1149 880 1314 934 cesserunt.
1346 875 1468 947 Harles,
1490 876 1666 950 Delamalle,
1697 878 1748 936 alii
1780 884 1876 936 totum
1897 878 1994 936 locum
2015 896 2140 956 prorsus

529 997 588 1036 non
608 978 828 1038 intellexerunt.
912 981 971 1039 726
993 981 1104 1041 termido
1125 981 1202 1056 riget
1223 981 1453 1055 5515511555.Ι
1481 982 1584 1052 Buaio,
1607 983 1754 1062 Wagner,
1777 981 1925 1052 Caussin,
1947 983 2074 1057 Langen
2096 983 2139 1038 ita

528 1085 727 1163 explicarunt:
750 1086 789 1146 ad
811 1090 956 1147 montium
978 1088 1167 1148 altitudinem
1186 1087 1297 1148 fluctus
1318 1089 1418 1168 erigit:
1439 1091 1520 1165 quod
1541 1091 1644 1170 probo.
1665 1093 1830 1170 Perperam
1850 1090 2052 1164 Burmannus,
2065 1089 2136 1152 Pin-

528 1192 676 1268 demonte,
698 1193 875 1264 Delamalle,
897 1196 1053 1257 Bendicho
1071 1217 1093 1274 y
1114 1196 1227 1274 Quam,
1249 1197 1300 1254 alii
1322 1197 1360 1256 de
1381 1200 1482 1274 specie
1502 1199 1623 1276 glaciali
1645 1200 1865 1276 cogitaverunt.

611 1298 679 1358 Lib.
701 1300 730 1358 V
751 1303 789 1359 22
807 1305 972 1380 praecipiti
991 1304 1150 1378 gravidam
1169 1309 1251 1363 sorte
1270 1303 1417 1380 Wagner,
1439 1305 1615 1382 Delamalle,
1637 1307 1778 1384 Huguet,
1800 1304 1955 1365 Bendicho
1975 1326 1997 1381 y
2020 1303 2134 1379 Quilty,

529 1409 689 1488 Gebbing,
711 1410 837 1488 Langen
859 1419 949 1470 recte
962 1413 1217 1489 interpretantur:
1240 1413 1328 1489 gravi
1357 1411 1461 1473 morbo
1481 1419 1652 1492 gravatum.
1674 1414 1838 1492 Perpetem
1863 1413 2029 1486 Maserius,
2052 1411 2134 1472 Pius.

526 1516 680 1590 Barthius,
702 1516 843 1593 Bulaeus,
860 1518 1061 1589 Burmannus,
1076 1517 1178 1592 Buzio,
1201 1517 1270 1576 alii:
1291 1519 1508 1594 grandaevum.
1591 1520 1630 1580 39
1652 1525 1714 1580 1515
1735 1518 1781 1578 hie
1804 1518 1865 1578 dici
1886 1536 1993 1578 censeo
2008 1537 2067 1575 non
2089 1536 2135 1575 re-

526 1631 633 1702 spectu
656 1625 747 1682 maris
769 1621 944 1705 [Heinsius],
966 1624 1019 1682 sed
1040 1629 1075 1682 ut
1095 1630 1263 1701 opponatur
1283 1625 1382 1684 hostili
1404 1631 1504 1686 terrae
1525 1625 2133 1708 [1111555155Ρ155,Β51555555,Β5515.

527 1729 673 1812 Langen].
758 1732 816 1790 156
842 1732 962 1791 Titania
983 1732 1051 1804 sata
1074 1737 1241 1791 morantem·
1264 1731 1295 1790 id
1315 1737 1363 1790 est
1382 1732 1553 1792 Promethei
1578 1734 1724 1811 supplicio
1744 1733 1834 1792 finem
1856 1735 2079 1811 impositurum,
2105 1738 2138 1791 ut

526 1838 730 1912 Burmannus,
753 1837 891 1908 Caussin,
913 1837 968 1896 Ph.
991 1837 1138 1916 Wagner,
1161 1836 1302 1897 Schenkl.
1324 1840 1404 1898 Male
1424 1841 1518 1898 Pius:
1539 1839 1712 1899 tardantem
1733 1847 1859 1902 mortem
1880 1840 2062 1899 Promethei.
2077 1839 2138 1898 Irn-

527 1948 633 2006 merito
655 1945 882 2024 Eyssenhardt,
905 1944 1009 2020 Koch,
1032 1946 1176 2022 Langen,
1198 1946 1283 2024 Bury
1305 1946 1442 2006 codicum
1463 1947 1620 2008 lectionem
1642 1955 1835 2007 vexaverunt.
1920 1951 1978 2008 166
1998 1948 2086 2008 Thilo
2107 1957 2138 2008 et

530 2057 656 2132 Langen
680 2057 803 2112 censent
823 2051 972 2112 Hiberum
995 2071 1062 2111 5555
1083 2051 1226 2124 fluvium,
1249 2053 1303 2112 sed
1324 2055 1384 2112 iem
1405 2054 1555 2113 Maserius
1576 2059 1659 2112 recte
1680 2054 1758 2112 vidit
1778 2073 1845 2113 esse
1866 2062 1987 2132 gentem
2015 2055 2138 2130 eiusque

526 2162 712 2222 sententiam
733 2161 904 2238 nuperrime
925 2159 1045 2219 Heeren
1067 2158 1264 2218 confirmavit.
1347 2162 1407 2220 246
1427 2163 1498 2222 haec
1518 2162 1581 2221 tibi.
1603 2162 1676 2220 Pius
1697 2160 1921 2240 subintellegit:
1943 2163 2043 2238 credo,
2059 2181 2137 2221 com-

531 2271 636 2342 mitto,
657 2267 887 2327 Brouhkusius:
909 2267 989 2338 sint:
1013 2266 1067 2326 sed
1088 2268 1200 2326 rectius
1221 2267 1388 2346 explicatur
1412 2269 1438 2326 si
1467 2267 1626 2326 audiatur:
1657 2267 1724 2327 dico
1752 2265 1974 2348 [Burmannus,
2002 2268 2137 2346 Huguet.

525 2375 667 2447 Schenkl,
689 2373 839 2456 Langenl.
865 2374 933 2433 Non
954 2374 1028 2433 nulli
1048 2374 1144 2433 verba
1165 2373 1279 2434 tradita
1298 2381 1440 2453 suspecta
1461 2374 1641 2434 habuerunt.
1723 2375 1783 2434 282
1801 2383 1941 2452 petamus
1954 2377 2086 2437 Schenkl
2108 2388 2137 2436 et

528 2483 685 2542 Baehrens
707 2482 930 2542 coniunctis-'arn
952 2479 1155 2540 dubitativum
1175 2483 1432 2559 interpretantem
1450 2481 1536 2540 Thilo
1550 2489 1653 2542 censet
1663 2489 1803 2560 patuinus
1817 2503 1834 2542 a
1848 2482 1942 2543 verbo
1956 2487 2053 2546 cernis
2065 2505 2137 2563 pen·

529 2591 621 2653 dere:
644 2590 830 2649 Samuellson
851 2595 939 2666 putat
957 2595 1096 2664 petamus
1116 2588 1271 2648 modorum
1292 2590 1507 2650 assimilatione
1527 2591 1658 2668 positum
1678 2609 1745 2650 esse
1766 2611 1821 2669 pro
1842 2593 1982 2668 petimus.
2010 2594 2135 2670 Langen

524 2700 654 2776 petieras
675 2700 840 2776 proposuit.
863 2697 998 2756 Γ15115515
1020 2699 1171 2757 sententia
1191 2699 1256 2758 veri
1277 2700 1403 2758 similior
1422 2698 1494 2759 mihi
1507 2699 1637 2759 videtur.
1719 2701 1812 2759 3067
1835 2701 1918 2762 cuais
1946 2702 1996 2762 ati
2017 2703 2144 2778 tollitur

525 2809 623 2869 amaia
643 2807 895 2884 camparaqaia:
915 2807 988 2864 Pius
1010 2812 1040 2866 et
1059 2825 1140 2882 seqq.
1162 2809 1249 2867 nives
1270 2809 1449 2885 intellegunt
1468 2808 1576 2884 quibus
1598 2828 1722 2887 campus
1742 2815 1873 2886 tegatur.
1888 2811 2013 2888 Langen
2035 2819 2133 2870 autem

526 2935 608 2974 mare
619 2916 705 2974 cuius
718 2912 816 2971 undae
828 2913 859 2969 vi
870 2919 1027 2969 ventorum
1039 2912 1187 2970 excitatae
1198 2919 1368 2972 canescant:
1383 2914 1497 2972 melius.
1579 2915 1637 2972 371
1650 2917 1743 2976 caelo:
1756 2915 1872 2974 scilicet
1883 2917 2005 2976 caelesti
2017 2916 2134 2979 ardore.

526 3031 559 3082 ut
579 3024 639 3081 iam
659 3022 731 3080 Pius
753 3021 871 3079 statuit.
952 3019 1014 3078 394
1034 3021 1120 3080 eirca
1141 3019 1295 3099 plerisque
1316 3028 1490 3100 suspectum
1510 3021 1586 3096 fuit,
1609 3022 1664 3080 sed
1685 3028 1768 3082 recte
1787 3023 1927 3082 Koestlin
1952 3025 2133 3102 explicavit:

527 3135 635 3187 natura
656 3126 762 3201 factos,
778 3145 838 3184 non
852 3131 917 3185 arte
932 3125 1092 3185 hominum.
1173 3127 1330 3186 4185415
1342 3127 1523 3204 imaginibus
1534 3129 1745 3188 enumerandis
1759 3148 1833 3205 quas
1847 3127 1987 3188 Valerius
1997 3130 2133 3188 narravit

527 3235 658 3293 caelatas
673 3253 741 3293 esse
763 3234 794 3290 in
815 3230 930 3291 foribus
945 3234 1050 3311 templi
1064 3233 1146 3293 85115
1160 3233 1218 3292 viri
1233 3233 1315 3293 docti
1330 3234 1491 3293 admodum
1505 3235 1584 3292 inter
1598 3253 1631 3292 55
1646 3234 1837 3294 dissentiunt.
1852 3235 1991 3313 Wagner
2004 3236 2134 3311 quinque

526 3343 674 3419 imagines
696 3342 852 3400 distinxit:
874 3341 998 3418 418-24,
1021 3341 1144 3418 425-28,
1155 3343 1278 3414 42932,
1289 3343 1413 3418 43341,
1425 3344 1548 3403 44254.
1559 3343 1725 3402 Delamalle
1746 3349 1777 3402 et
1798 3343 1933 3418 Caussin,
1946 3349 1979 3402 ut
2003 3343 2132 3416 videtur.

525 3471 598 3509 sex:
620 3450 763 3524 418424,
786 3448 909 3522 425-28,
929 3449 1052 3524 42932,
1074 3449 1197 3524 43339,
1218 3451 1341 3524 44041,
1363 3449 1485 3508 442-54.
1508 3449 1657 3526 Meyncke
1679 3449 1856 3509 duodecim:
1871 3450 1994 3509 418-19.
2008 3450 2132 3524 41924,

524 3559 648 3635 425-28,
674 3557 797 3632 42932,
821 3556 944 3634 43335,
966 3555 1089 3632 43637,
1112 3555 1234 3634 43839,
1256 3558 1378 3632 440-41,
1400 3558 1523 3632 44245,
1545 3555 1668 3630 44649,
1690 3557 1812 3632 450-52,
1834 3557 1957 3616 453-54.
1978 3557 2135 3616 Bendicho

526 3689 547 3745 y
569 3666 684 3745 Quilty,
706 3673 740 3724 ut
762 3665 891 3736 videtur,
915 3672 1001 3724 octo:
1023 3665 1284 3750 4182442528,
1300 3667 1423 3741 429-32,
1437 3665 1560 3739 43337,
1577 3666 1698 3740 43839,
1714 3667 1837 3742 440-41,
1853 3667 1995 3738 442445,
2010 3669 2134 3725 446-54.

524 3775 763 3836 Kennerknecht
777 3793 901 3834 novem:
917 3776 1039 3851 418-24,
1055 3775 1178 3851 425-28,
1193 3776 1315 3849 42932,
1331 3775 1454 3852 43337,
1470 3775 1593 3847 43839,
1606 3777 1729 3850 44041,
1741 3776 1864 3847 44245,
1876 3769 1998 3847 44649,
2010 3777 2134 3835 450-54.

524 3885 649 3959 Langen
671 3883 795 3941 decern:
817 3880 940 3952 418-19,
962 3883 1085 3947 419-24,
1107 3882 1231 3954 425-28,
1252 3882 1375 3952 42932,
1397 3882 1527 3958 43337,
1549 3882 1680 3953 43839,
1703 3883 1832 3957 44641,
1855 3882 1986 3956 44245,
2009 3882 2133 3950 44649,

523 3994 645 4052 450-54.
668 3991 826 4050 Rossbach
848 3999 936 4051 octo:
958 3991 1080 4068 41819,
1104 3993 1227 4066 419-24,
1249 3993 1379 4062 425-28,
1401 3991 1532 4067 429-32,
1554 3992 1684 4064 43337,
1706 3991 1837 4062 43839,
1858 3992 1987 4066 440-41,
2010 3990 2133 4048 442-54.

525 4097 601 4156 Mihi
622 4097 743 4173 quidem
763 4098 912 4176 imagines
933 4098 1059 4176 Langen
1082 4105 1162 4157 recte
1184 4097 1376 4159 distribuisse
1396 4097 1537 4158 videtur:
1561 4099 1624 4176 ipse
1637 4102 1738 4156 autem
1751 4097 1970 4175 vituperandus
1984 4103 2031 4155 est
2045 4096 2134 4172 quod.

524 4207 590 4265 sine
611 4207 673 4264 ulla
693 4205 907 4284 probabilitate
928 4227 957 4264 v.
980 4207 1048 4282 436,
1070 4207 1146 4265 55115
1165 4225 1225 4264 555
1250 4207 1453 4278 intellectum,
1476 4214 1553 4284 post.
1576 4227 1603 4264 v.
1626 4207 1684 4264 437
1707 4206 1900 4282 transposuit.
1982 4204 2044 4263 430
2069 4209 2135 4263 uter

523 4316 650 4390 915555·
669 4335 728 4374 555
748 4315 823 4373 55111
843 4315 925 4392 apud
943 4315 1030 4374 Pium
1053 4316 1192 4374 lacrimas
1213 4335 1348 4374 sororum
1370 4334 1445 4392 quae
1459 4335 1513 4393 per
1528 4315 1656 4373 harenas
1671 4315 1700 4372 in
1716 4333 1832 4374 amnem
1848 4314 2065 4373 convolvuntur
2080 4312 2134 4370 hoc

524 4424 589 4482 loco
610 4423 736 4482 indicari
758 4427 884 4500 putant,
906 4443 994 4499 quam
1016 4423 1242 4500 explicationem
1264 4422 1451 4482 Samuellson
1471 4422 1643 4500 nuperrime
1665 4421 1809 4480 defendit.
1833 4419 1894 4480 Sed
1916 4420 2021 4508 melius
2043 4425 2089 4478 est
2108 4420 2133 4477 si

523 4549 633 4608 corpus
647 4529 845 4590 Phaethontis
859 4536 997 4589 exustmn
1012 4531 1222 4606 intellegimus,
1234 4535 1269 4588 ut
1278 4530 1352 4589 Pius
1362 4535 1393 4588 et
1403 4531 1586 4608 posteriores
1598 4529 1787 4605 intrepretati
1799 4534 1870 4586 5551
1879 4546 1991 4586 55555.
2074 4528 2134 4586 509

524 4656 594 4698 acro
616 4657 676 4696 non
697 4637 875 4708 coniunctio,
898 4643 932 4694 ut
952 4637 1086 4715 plerique
1108 4635 1314 4712 adfirmamnt,
1337 4635 1391 4695 sed
1412 4634 1637 4694 substantivum
1657 4633 1829 4693 habendum
1849 4639 1904 4702 est,
1927 4633 2006 4709 quod
2023 4633 2134 4691 Pinde-

528 4751 636 4814 monte,
658 4745 728 4806 Leo.
752 4745 938 4805 Samuellson
960 4745 1011 4803 alii
1032 4763 1086 4803 suo
1109 4745 1171 4804 iure
1195 4749 1385 4804 censuerunt.
1468 4743 1528 4801 528
1549 4743 1621 4818 quin
1643 4743 1785 4818 antiquae
1804 4741 1898 4801 sortia
1918 4760 1956 4799 ex
1976 4760 2131 4802 arr-errrorem

527 4852 658 4932 pendeat
671 4852 792 4910 minime
808 4849 929 4909 dubito:
951 4847 1028 4908 falso
1050 4849 1205 4908 Erdmann
1219 4855 1249 4907 et
1264 4849 1461 4907 Hausteinius
1482 4867 1518 4906 ea
1539 4845 1634 4906 rerba
1655 4866 1723 4905 cum
1741 4847 1882 4923 praescia
1903 4847 2132 4905 coniunxerunt.

603 4957 662 5015 544
677 4956 814 5034 Wagner
834 4976 926 5033 saper
947 4956 1197 5033 praepositionem
1220 4956 1377 5033 intellegit,
1400 4954 1454 5014 sed
1474 4973 1565 5030 saper
1585 4959 1632 5012 est
1654 4952 1832 5012 adverbium
1852 4973 1907 5031 pro
1929 4971 1964 5011 eo
1985 4953 2065 5030 quod
2086 4967 2132 5012 est

523 5065 654 5142 insuper,
677 5067 710 5122 ut
732 5065 790 5122 iam
809 5062 882 5121 Pius
896 5064 1013 5120 statuit.
1096 5063 1266 5122 67015555
1289 5068 1462 5139 corruptum
1484 5061 1559 5118 alius
1580 5061 1668 5118 aliter
1688 5062 1858 5136 temptavit.
1881 5043 1992 5138 aliqud
2010 5061 2129 5138 scripsi.

524 5174 717 5250 quodminus
739 5194 756 5232 a
777 5174 890 5232 litteris
911 5173 1033 5232 truditis
1056 5175 1192 5233 recedat:
1215 5175 1307 5232 totius
1329 5173 1385 5232 loci
1406 5172 1481 5231 haec
1502 5178 1549 5229 est
1569 5173 1733 5230 sententia:
1757 5171 1830 5229 nihil
1851 5171 1898 5230 ius
1920 5171 2052 5249 poterit?

524 5285 585 5344 678
607 5288 729 5343 aeream
750 5283 781 5341 id
802 5287 849 5342 est
870 5283 979 5340 iterum
1000 5285 1094 5339 tentet
1115 5279 1316 5360 [Burmannus
1337 5287 1368 5338 et
1389 5277 1491 5360 seqql.
1514 5279 1676 5355 Perperam
1699 5279 1785 5336 Pius:
1810 5279 1947 5337 retineat.
