4872 6432
821 445 1141 502 PROLEGOMBNON
1166 443 1294 499 CAPVT
1313 444 1364 500 lV.
1831 450 1902 505 XLI

291 610 406 685 lologus
426 607 473 690 Ll.
554 607 615 666 382
636 611 667 666 et
688 625 770 682 seqq.
792 605 821 663 15
842 604 1087 679 Argonautarum
1108 603 1331 662 enumeratione
1351 601 1378 660 si
1399 601 1518 662 codices
1533 603 1693 680 sequimur,
1713 607 1739 664 ei
1755 608 1834 685 parti
1851 606 1902 666 ubi

291 717 441 775 Hercules
463 715 550 776 sedet
570 715 679 792 viginti
701 719 785 788 tres,
807 713 895 772 alteri
917 717 1017 770 autem
1038 710 1226 786 undeviginti
1249 711 1380 786 remiges
1404 709 1596 771 tribuuntur:
1627 713 1706 788 quod
1734 715 1841 775 vitium
1869 721 1905 776 ut

291 825 451 882 tolleretur
470 819 716 892 Kennerkneoht,
732 821 779 880 oui
794 819 920 896 Langen
942 818 1121 896 astipulatus
1141 823 1196 886 551,
1219 837 1324 876 versus
1345 819 1460 878 4115111
1481 825 1549 898 post
1563 841 1592 879 v.
1604 821 1664 880 382
1678 822 1790 899 optime
1805 829 1904 884 trans·

295 932 406 1010 posuit.
429 930 588 1010 Corruptio
609 931 674 988 sine
695 927 787 988 dubio
808 927 877 986 inde
897 931 999 986 exorte
1020 925 1167 1003 estquod
1189 925 1333 985 librarius
1355 946 1373 984 a
1393 945 1467 986 voce
1482 929 1643 1004 magistros
1664 951 1690 988 v.
1712 931 1773 990 382
1788 933 1826 992 ad
1841 954 1903 994 nra·

290 1038 382 1112 gistri
404 1059 434 1098 v.
456 1039 518 1097 410
538 1035 712 1097 aberravit:
736 1055 795 1112 qua
815 1034 854 1094 de
874 1053 966 1094 causa
987 1052 1093 1092 versus
1107 1033 1299 1092 403-10u1n
1314 1033 1352 1090 ad
1368 1035 1535 1110 marginem
1549 1035 1705 1114 adscripti.
1721 1045 1826 1115 postea
1839 1042 1904 1102 loco

293 1148 390 1207 alieno
412 1145 518 1204 inserti
538 1150 618 1203 sunt.
700 1143 793 1202 ems
823 1141 905 1210 Pius,
940 1141 1140 1208 Burmannus,
1162 1138 1309 1214 Caussin,
1331 1141 1475 1216 Huguet,
1498 1141 1593 1212 111115,
1616 1143 1803 1206 Samuellson
1825 1149 1903 1210 huno

294 1251 456 1313 verborum
478 1250 612 1310 ordinem
635 1249 874 1308 constituerunt:
896 1266 1043 1306 unacum
1064 1247 1137 1305 Iove
1158 1265 1261 1305 omnes
1282 1247 1417 1323 gaudent
1438 1249 1539 1326 555551
1560 1254 1591 1307 51
1612 1249 1727 1310 Pareae
1742 1271 1817 1327 quae
1831 1273 1857 1313 c.
1873 1276 1902 1314 v.

295 1385 334 1422 rn.
357 1367 379 1420 t.
401 1365 432 1418 et
453 1361 520 1420 vias
541 1358 599 1418 sibi
621 1377 766 1418 crescere.
789 1357 927 1433 Wagner
947 1358 992 1415 sic
1012 1356 1160 1434 explicat:
1182 1375 1242 1414 una
1262 1355 1397 1431 gaudent
1417 1358 1519 1434 superi
1540 1357 1578 1417 de
1599 1359 1687 1418 laetis
1702 1381 1777 1437 quae
1794 1363 1905 1424 mundo

294 1477 423 1530 ventura
444 1469 506 1527 sint
529 1467 715 1546 temporibus
736 1474 767 1526 51
787 1466 902 1526 Pareae
923 1485 999 1542 quae
1020 1485 1046 1524 c.
1070 1485 1096 1524 v.
1119 1484 1143 1523 5.
1160 1485 1195 1540 c,
1211 1465 1297 1541 eique
1312 1464 1399 1522 Thilo
1420 1465 1533 1524 olimst
1547 1465 1676 1526 Schenkl
1693 1473 1807 1530 assensi
1823 1481 1902 1532 sunt.

294 1579 492 1639 Pindemonte
514 1581 544 1636 et
566 1577 702 1636 Koestlin
724 1577 767 1635 ita
787 1573 883 1634 verba
903 1571 1112 1650 coniungenda
1131 1591 1198 1631 esse
1220 1577 1348 1651 putant:
1369 1594 1429 1632 una
1450 1593 1516 1633 cum
1539 1575 1610 1636 Iove
1637 1596 1738 1637 omnes
1768 1581 1904 1655 gaudent

295 1689 395 1766 superi
417 1693 448 1748 51
469 1693 604 1764 tempora
625 1691 753 1744 ventura
773 1683 885 1743 mundo
905 1689 937 1742 et
955 1683 1070 1743 Parcae
1091 1701 1167 1759 quae
1188 1703 1213 1742 5.
1236 1703 1259 1742 s.
1282 1703 1307 1742 o.
1331 1703 1358 1741 v.
1380 1683 1427 1741 Pii
1449 1685 1676 1761 explicationem
1704 1705 1808 1747 veram
1836 1709 1905 1749 esse

297 1794 412 1871 opinor.
495 1793 554 1850 515
577 1810 675 1852 rernm
697 1790 838 1865 intellege
851 1808 911 1848 non
925 1807 1025 1847 rerum
1039 1793 1195 1866 gestarum
1216 1785 1445 1869 [Zinzerlingus.
1462 1789 1608 1866 Wagner.
1630 1790 1774 1874 Huguetl,
1790 1795 1844 1852 sed
1859 1815 1906 1856 re-

299 1922 365 1960 rum
387 1899 569 1959 naturalium
589 1895 792 1978 [Burmannus
813 1901 843 1954 et
864 1892 968 1976 seqql.
1050 1895 1163 1953 ese-24
1185 1894 1233 1953 hic
1254 1895 1337 1952 locus
1364 1913 1422 1952 non
1445 1895 1533 1954 551115
1555 1903 1713 1974 suspectus
1744 1899 1821 1962 suit.
1850 1903 1905 1962 sed

299 2007 476 2066 Summersii
497 2004 654 2081 explicatio
675 2007 758 2060 55515
778 2020 811 2058 55
832 1999 932 2059 habet:
958 2023 971 2052 ι
989 2000 1062 2058 55115
1081 1998 1130 2059 for
1150 2019 1221 2058 sons
1242 2001 1271 2059 in
1293 2002 1352 2059 law
1375 2000 1436 2059 and
1457 2001 1567 2060 invites
1582 2001 1633 2060 the
1647 2003 1737 2064 lande
1757 2009 1862 2068 united
1874 2011 1903 2068 in

300 2111 389 2172 blood
409 2117 440 2170 to
460 2107 585 2168 himself
601 2105 643 2190 [to
664 2107 740 2166 send
760 2104 862 2189 thern].
887 2131 900 2164 a
984 2107 1045 2166 538
1070 2107 1207 2166 Tanain:
1227 2108 1331 2183 paucis
1354 2108 1448 2184 iisque
1474 2108 1596 2168 incertis
1627 2110 1699 2170 locis
1728 2109 1904 2192 [5151111111-

298 2220 351 2280 flin
372 2217 465 2280 Arch.
487 2215 595 2300 1422]
617 2223 701 2278 lenus
721 2235 787 2275 cum
809 2215 982 2274 accusativo
1014 2214 1214 2290 coniungitur,
1243 2234 1332 2290 quam
1363 2213 1402 2272 ob
1429 2233 1501 2292 rem,
1530 2215 1749 2277 Bononiensem
1778 2222 1904 2281 alteram

296 2331 426 2386 secutus.
453 2324 549 2384 Tanai
571 2323 689 2401 scripsi.
712 2320 856 2382 Codicum
877 2321 1034 2381 lectionem
1055 2319 1241 2380 Samuellson
1263 2339 1358 2398 nuper
1372 2322 1519 2394 servavit,
1540 2322 1655 2383 Tanain
1670 2325 1801 2402 pendere
1815 2345 1850 2384 ex
1865 2329 1906 2388 od

296 2432 518 2511 praepositione
539 2435 569 2490 et
591 2435 674 2490 tenua
695 2427 774 2486 idem
795 2445 862 2486 5555
884 2433 972 2502 atque
995 2447 1087 2504 usque
1101 2432 1201 2499 ratus;
1216 2427 1377 2486 Porcellini
1391 2447 1506 2504 quoque
1521 2427 1576 2488 hoe
1591 2431 1654 2489 loco
1669 2437 1753 2492 tenus
1767 2432 1903 2494 adverbii

295 2540 391 2598 vicem
412 2537 549 2597 obtinere
570 2543 675 2616 putat:
698 2535 806 2612 quibus
828 2554 888 2594 non
909 2536 1065 2594 assentior.
1148 2535 1239 2594 680-l
1264 2535 1310 2594 his
1330 2534 1470 2595 versibus
1484 2536 1620 2614 plausum
1636 2539 1801 2614 significari
1821 2543 1904 2608 Pius.

294 2647 457 2722 Heinsius,
479 2645 534 2704 Ph.
557 2643 714 2722 Wagner,
735 2641 890 2702 Bendioho
910 2663 931 2720 y
952 2641 1075 2720 Quilty,
1096 2640 1219 2716 Pirani,
1245 2640 1430 2700 Samuellson
1461 2648 1541 2701 55515
1568 2649 1771 2720 putaverunt:
1800 2657 1906 2710 contra

295 2753 402 2813 Carrio
416 2772 483 2812 oum
498 2749 621 2819 litarde,
631 2748 798 2827 Wagnero,
818 2747 1025 2822 Pindemonte,
1041 2745 1196 2821 Caussino,
1211 2747 1354 2823 Langeno
1369 2765 1475 2824 preces
1489 2747 1734 2825 Argonautarum
1749 2755 1904 2815 intellexit.

377 2858 436 2917 749
456 2857 590 2931 famulos
611 2861 698 2914 orlaa
717 2854 791 2913 Pius
811 2853 961 2930 intellegit
981 2865 1066 2912 artus
1086 2853 1254 2912 servientes
1268 2853 1419 2930 corporeis
1433 2853 1728 2930 perturbationibus3
1745 2861 1903 2935 Maserius,

295 2966 443 3044 Wagner,
459 2964 606 3039 Lemaire,
621 2962 748 3040 Huguet
763 2979 871 3040 corpus
885 2961 963 3038 quod
979 2961 1104 3031 animae,
1119 2961 1163 3020 551
1178 2960 1308 3036 divinae,
1324 2961 1454 3034 serviat;
1470 2962 1670 3042 Burmannus,
1685 2965 1740 3026 Ph.
1757 2967 1904 3047 Wagner,

295 3072 350 3131 Ph.
372 3071 481 3140 Reuss,
504 3071 556 3130 alii
578 3073 662 3128 artus
681 3068 783 3128 Peliae
803 3069 1022 3127 inservientes:
1042 3067 1123 3144 quod
1142 3067 1245 3145 probo.
1330 3068 1387 3126 755
1408 3069 1481 3128 Pius
1501 3077 1533 3129 et
1551 3071 1743 3134 Burmannus
1758 3075 1902 3138 (1555551-

296 3183 364 3241 licio
384 3179 529 3260 parando,
551 3178 699 3256 Wagner,
721 3177 898 3248 Delamalle‚
918 3176 1092 3248 Weichert,
1114 3176 1258 3255 Huguet,
1280 3177 1316 3236 Ε.
1338 3177 1456 3249 Reuss,
1479 3177 1621 3258 Gebbing
1642 3182 1680 3242 de
1701 3185 1849 3245 sacrificio
1869 3187 1903 3246 fi-

295 3289 405 3350 niendo
425 3288 580 3348 Valerium
602 3287 753 3362 cogitasse
775 3285 974 3344 coniecerunt.
995 3283 1121 3343 Rectius
1141 3283 1268 3361 Langen
1289 3284 1467 3344 sacrificium
1490 3285 1700 3366 interruptum,
1712 3291 1791 3366 quod
1812 3294 1851 3352 ad
1873 3316 1901 3356 v.

296 3401 356 3460 774
377 3399 528 3476 expletum
549 3401 605 3466 est,
618 3395 772 3454 intellexit.
794 3395 934 3454 55555555
955 3391 1010 3452 555
1030 3393 1095 3452 loco
1115 3398 1162 3452 est
1182 3393 1371 3464 Alcimedos;
1392 3391 1472 3469 quod
1492 3399 1616 3470 propter
1635 3397 1812 3474 Langennm
1825 3401 1903 3460 dico.

377 3505 436 3563 780
452 3502 530 3561 falso
552 3501 687 3575 Vossius,
708 3499 909 3558 Burmannus.
931 3497 1106 3568 Delamalle‚
1122 3497 1259 3571 Caussin,
1274 3498 1407 3576 Huguet,
1423 3498 1600 3570 Pirani,alii
1614 3509 1735 3578 5555155
1755 3505 1904 3566 Aesonem

295 3619 325 3670 et
339 3611 517 3671 Alcimeden
538 3629 643 3686 sagam
663 3607 814 3684 quandam
824 3607 931 3666 5515555
945 3607 1162 3678 existimarunt3
1177 3605 1234 3664 hoc
1248 3605 1312 3664 loco
1327 3605 1406 3664 enirn
1418 3606 1591 3666 Alcimedes
1604 3609 1671 3686 ipsa
1684 3609 1839 3670 Thessalis
1852 3632 1903 3672 vo

296 3715 761 3800 ‹·atur[Pindemonte,Wagner,
770 3713 936 3789 Weichert,
946 3713 1043 3784 Thilo,
1054 3712 1190 3788 Damste,
1205 3711 1350 3794 Langenl.
1434 3714 1492 3772 782
1514 3715 1595 3774 locus
1616 3717 1765 3795 explicatu
1786 3719 1905 3780 difficil-

296 3829 406 3888 limus:
428 3827 501 3904 quid
522 3825 601 3886 enim
621 3831 702 3887 retro
724 3843 842 3884 carmen
864 3843 953 3898 55555
973 3822 1124 3902 significet
1144 3821 1360 3900 perobscurum
1377 3829 1433 3880 est.
1448 3823 1521 3881 Pius
1536 3825 1579 3883 ita
1592 3826 1740 3904 explicat:
1756 3829 1904 3888 reiterans

297 3939 344 3997 551
368 3941 509 3996 avertens
529 3953 562 3992 se
583 3933 653 3992 dum
676 3932 768 4004 dioit;
784 3919 887 4004 Buaio,
901 3932 1048 4009 Wagner,
1063 3929 1197 4008 Huguet,
1212 3930 1335 3988 Pirani:
1351 3949 1472 3990 carmen
1490 3932 1691 4010 interruptum
1706 3939 1795 3994 55155
1807 3936 1904 3996 denuo

297 4041 465 4120 incipiens;
487 4037 672 4099 Delamalle:
695 4043 776 4096 retro
797 4034 908 4095 cedens
929 4035 1000 4094 dum
1021 4054 1141 4094 carmen
1160 4035 1250 4108 dioit;
1266 4033 1383 4110 Iacobs,
1399 4033 1544 4112 Koestlin,
1561 4035 1705 4115 Seyffert,
1720 4040 1820 4118 Bury:
1837 4062 1905 4120 pro·

296 4153 399 4210 ferens
420 4167 542 4208 carmen
563 4165 620 4222 quo
640 4144 764 4204 umbras
786 4151 927 4204 avocatos
948 4145 1085 4222 pristinis
1106 4145 1169 4202 suis
1189 4141 1313 4202 sedibus
1334 4143 1461 4217 reddat;
1483 4145 1607 4205 Braun:
1629 4167 1750 4208 carmon
1773 4135 1905 4212 recitans

298 4277 357 4333 quo
377 4255 502 4316 umbras
524 4253 664 4314 Orethaei
685 4273 721 4312 ex
742 4251 848 4311 inferis
869 4251 908 4311 ad
928 4271 1053 4330 superos
1075 4258 1156 4310 retro
1178 4257 1270 4329 agat3
1292 4251 1485 4331 Bendichoy
1507 4253 1630 4334 Quuty:
1654 4277 1775 4318 carmen
1800 4261 1906 4324 dicens

299 4389 313 4418 ι
332 4363 369 4424 (15
391 4362 516 4441 espalda
532 4385 548 4418 a
570 4361 602 4420 id
623 4367 671 4420 551
694 4382 709 4416 5
725 4361 773 4419 515
793 4361 898 4420 volvar
917 4360 947 4419 la
969 4379 1041 4420 cara
1055 4379 1088 4434 »;
1110 4360 1315 4419 Pindemonte:
1341 4360 1409 4419 «da
1430 4362 1556 4421 l'ultimo
1577 4365 1605 4423 al
1619 4365 1743 4442 primier
1756 4387 1811 4426 con
1826 4375 1905 4428 torto

297 4477 425 4550 opposta
446 4471 533 4530 ordin
556 4469 705 4530 cantando
722 4489 757 4542 »3
780 4469 983 4529 Samuellson:
1006 4488 1126 4528 carmen
1148 4470 1191 4526 ita
1211 4470 1316 4546 legens
1337 4476 1371 4528 51
1392 4489 1411 4528 5
1431 4469 1490 4530 1155
1511 4489 1617 4531 versus
1637 4474 1685 4532 vel
1701 4477 1843 4534 carminis
1859 4498 1905 4537 re-

295 4592 413 4638 trorsus
428 4578 632 4656 persingulas
652 4575 786 4655 syllabas
798 4583 850 4635 aut
863 4595 918 4656 per
931 4577 1051 4656 singula
1064 4575 1159 4635 verba
1174 4577 1343 4654 replicetur.
1366 4577 1452 4637 Haec
1474 4577 1567 4638 verba
1587 4581 1660 4656 quid
1680 4581 1739 4640 sibi
1761 4583 1856 4642 velint
1871 4605 1905 4643 se

298 4707 355 4746 non
371 4687 547 4764 intellegere
554 4685 641 4746 Thilo
651 4684 773 4746 fatetur:
795 4685 1262 4761 Ph.Wagner,Hirechwaelder,
1278 4685 1418 4756 Schenkl,
1434 4685 1598 4758 Baehrens,
1614 4686 1764 4768 Gebbing,
1781 4691 1906 4769 Langen

297 4797 478 4874 scripturam
500 4793 643 4854 traditam
665 4793 748 4854 varie
768 4799 963 4854 vexaverunt.
985 4792 1060 4852 Mihi
1081 4797 1182 4852 autern
1202 4795 1300 4870 magis
1321 4795 1517 4872 explicatione
1545 4815 1633 4870 qnam
1663 4799 1836 4858 coniectura
1856 4799 1907 4858 hic

297 4905 381 4962 locus
395 4919 486 4980 egere
500 4900 640 4962 videtur:
655 4900 710 4960 scd
720 4899 866 4976 quomodo
881 4907 961 4960 retro
975 4919 1093 4960 carmen
1108 4919 1197 4975 55555
1210 4901 1444 4978 interpretemur
1457 4920 1516 4960 non
1527 4903 1627 4978 liquet.
1642 4904 1773 4964 Iacobsii
1784 4907 1905 4982 quidem

297 5011 456 5088 explicatio
477 5008 548 5068 55151
571 5009 647 5068 55115
668 5007 790 5080 arridet,
813 5007 867 5066 sod
890 5007 1022 5066 iudicent
1043 5008 1201 5067 doctiores.
1283 5007 1344 5068 830
1360 5009 1409 5084 qui
1426 5010 1456 5066 15
1471 5011 1608 5086 margine
1622 5010 1734 5071 codicis
1749 5011 1904 5073 Carrionis

298 5135 407 5175 versus
428 5117 560 5174 insertus
580 5122 706 5174 estnon
728 5113 875 5192 displicet,
898 5113 961 5185 sed,
984 5134 1052 5174 cum
1072 5115 1103 5174 15
1124 5113 1210 5174 115515
1232 5113 1398 5193 potioribus
1420 5113 1559 5186 defuerit,
1581 5135 1650 5176 eum
1663 5118 1744 5177 nolui
1759 5119 1905 5196 accipere.

378 5221 447 5282 Lib.
469 5223 502 5282 H
526 5222 883 5283 15-1615555555-0555
912 5223 990 5282 redit
1017 5223 1090 5281 Pius
1119 5229 1150 5281 et
1177 5223 1363 5282 Samuellson
1393 5225 1650 5302 interpretantur:
1680 5224 1758 5285 Ossa
1778 5228 1908 5306 erigitur

297 5351 394 5407 usque
415 5331 453 5388 ad
474 5329 580 5390 nubes.
603 5328 716 5389 Contra
733 5329 891 5403 Maserius,
914 5329 1126 5393 Burmannus.
1149 5349 1250 5407 seqq.:
1273 5329 1350 5390 Ossa
1371 5331 1591 5409 longinquitate
1612 5334 1736 5392 evanuit
1757 5335 1803 5392 vel
1824 5333 1905 5394 5555

299 5445 397 5498 tecta:
420 5439 535 5496 melius.
617 5437 657 5495 58
680 5437 833 5498 uno-Bure
856 5443 937 5496 recte
959 5438 1145 5514 explicatur:
1168 5437 1239 5496 dum
1261 5439 1342 5498 solus
1365 5439 1465 5497 Eurus
1480 5437 1542 5497 flat.
1557 5438 1613 5498 Ph.
1630 5439 1768 5516 Wagner
1782 5461 1839 5502 uno
1852 5461 1909 5519 pro

1785 5575 1803 5628 Ι
