4872 6432
527 377 614 430 XLI]
1063 375 1526 432 PROLEGOMENONt·A1’t'‘r
1547 377 1597 432 lV.

522 529 661 588 continuo
683 531 808 606 accepit.
890 533 927 589 b'l
950 532 1032 590 locus
1055 537 1188 590 vexatus.
1211 531 1377 590 Delamalle
1398 533 1442 590 sic
1464 532 1630 608 intellegit:
1653 537 1819 591 recitabunt
1842 532 1859 588 i.
1882 550 1907 588 e.
1931 537 2129 592 incastratur.

523 635 696 694 Weichert:
719 637 830 696 tacitae
852 638 942 697 horae
962 641 1141 696 monstrant.
1162 639 1279 716 Scripsi
1300 645 1456 708 monstrat,
1478 639 1613 698 referens
1634 658 1693 697 nou
1713 637 1753 696 ad
1767 638 1886 716 Argum
1900 637 2058 720 [Vossiusl
2075 641 2129 698 sed

522 741 562 800 ad
582 742 708 802 Pallada
729 741 893 824 [Schrader
914 751 945 803 et
966 743 1114 827 Carassinl,
1136 765 1174 805 ex
1195 767 1223 804 v.
1245 747 1348 806 49-50.
1432 746 1525 806 75-76
1547 745 1792 821 caepit-Phoebus
1811 747 1908 806 Atlroa
1922 745 1995 805 Pius
2010 755 2041 804 et
2057 746 2133 804 Wa-

521 868 598 925 gner
619 851 788 928 explicant:
811 852 856 910 sol
877 851 950 911 fecit
969 853 1070 912 Athon
1092 853 1303 930 conspicuum;
1325 853 1525 927 Burmannus,
1548 851 1754 922 Pindemontc,
1772 851 1909 926 Caussin,
1925 852 2060 930 Huguet.
2076 852 2131 911 Sa·

522 959 676 1026 muellson,
699 958 769 1018 alii:
792 960 836 1018 sol
857 959 993 1018 ascendit
1014 979 1048 1018 eo
1071 978 1163 1036 usque
1183 965 1217 1018 ut
1238 958 1332 1018 radiis
1352 959 1454 1018 Athon
1477 961 1602 1018 vicerit:
1624 959 1703 1036 quod
1725 959 1827 1036 probo.
1913 961 1971 1018 104
1997 961 2131 1021 sidereos

521 1067 633 1139 diffusa
653 1067 747 1126 ainus.
770 1067 850 1126 Male
871 1067 1034 1127 Loehbach
1056 1067 1134 1128 hunc
1156 1069 1253 1126 locum
1274 1068 1489 1146 interpretatus
1511 1075 1576 1127 est:
1601 1095 1615 1118 «
1636 1069 1685 1128 lch
1709 1068 1864 1128 mochte...
1890 1088 1948 1127 von
1969 1069 2038 1127 dem
2056 1069 2131 1126 uirr

522 1173 597 1232 ttber
619 1173 667 1232 dia
689 1173 783 1232 Brust
804 1173 1078 1253 herabhtngeuden
1100 1175 1186 1234 Haar
1208 1175 1369 1234 versteheu
1387 1203 1413 1232 ».
1435 1174 1537 1234 Verba
1558 1176 1637 1234 enim
1657 1174 1695 1234 de
1710 1176 1777 1234 laxo
1791 1175 1838 1234 vel
1853 1175 2001 1234 discincto
2016 1175 2129 1234 amictu

523 1281 725 1358 intellegenda
746 1287 826 1352 sunt,
849 1287 881 1340 ut
901 1282 1101 1353 Burmannus,
1124 1281 1298 1352 Delamalle,
1315 1281 1453 1357 Caussin,
1468 1280 1618 1360 Gebbing,
1634 1282 1684 1341 alii
1699 1281 1913 1360 probaverunt.
1999 1284 2056 1342 th
2068 1284 2131 1342 rir-

518 1394 591 1462 ,qulc
605 1388 773 1458 rlkrrnehus,
790 1388 904 1460 Carrio,
919 1387 1062 1460 Alardus,
1077 1389 1278 1464 Burmannus
1289 1389 1487 1448 Pindemonte
1503 1389 1541 1448 de
1553 1395 1637 1448 veste
1649 1390 1852 1467 explicanmt;
1865 1397 1971 1449 contra
1982 1390 2130 1466 Wagner.

521 1495 640 1564 Harles‚
662 1494 840 1566 Delamalle,
863 1494 1000 1572 Caussin,
1020 1496 1154 1573 Huguet,
1177 1497 1304 1572 Langen
1325 1497 1394 1555 elii:
1417 1497 1570 1573 stigmatis
1591 1505 1778 1576 conpuncta:
1800 1498 1879 1574 quod
1901 1499 1987 1557 malo.
2074 1499 2132 1556 litt

519 1609 708 1679 stragemque
726 1604 811 1664 deum
827 1603 980 1680 Barthius,
996 1603 1196 1671 Burmannus,
1212 1603 1359 1680 Wagner,
1374 1604 1485 1664 Harles
1500 1609 1635 1682 stragem
1649 1625 1667 1662 a
1681 1604 1740 1664 diis
1754 1603 1869 1662 factam
1882 1605 2130 1681 interpretantur:

521 1709 575 1767 sed
596 1711 709 1768 rectius
729 1710 811 1782 Pius,
833 1711 1000 1782 Maserius,
1022 1711 1210 1782 Delamalle,
1233 1711 1380 1786 Caussin,
1404 1713 1547 1788 Huguet,
1569 1711 1723 1772 Bendicho
1743 1733 1765 1789 y
1787 1712 1910 1788 Qllilty,
1932 1711 2059 1787 Langen
2081 1711 2131 1768 alii

521 1829 638 1884 statuas
660 1825 829 1902 templaque
851 1825 974 1884 deorum
996 1823 1094 1884 fracta
1109 1825 1328 1884 intellexerunt.
1414 1826 1469 1884 191
1486 1825 1597 1898 festina
1613 1845 1670 1884 non
1686 1824 1875 1884 simulatione
1888 1819 2058 1903 [Lemairel.
2075 1819 2130 1878 sed

520 1931 663 1990 facinoris
685 1932 851 2010 cupiditate
873 1931 1084 2012 [Burmannus
1106 1933 1316 2001 Pindemonte,
1339 1933 1484 2010 Wagner,
1508 1931 1652 2015 Langeul.
1736 1933 1795 1991 219
1817 1937 1914 1992 noctes
1936 1931 2018 1988 varie
2039 1928 2131 2005 expli-

521 2044 622 2096 catum
643 2043 699 2096 est.
721 2039 870 2098 Maserius
890 2045 922 2097 et
941 2038 1134 2098 Burmannus
1155 2039 1332 2116 intellegrmt
1354 2041 1469 2098 somnia
1490 2059 1543 2117 per
1564 2047 1668 2098 noctes
1690 2037 1884 2116 apparentia3
1906 2035 2010 2093 Brauu
2026 2037 2130 2092 noctes

518 2142 627 2220 quibus
638 2165 759 2206 carmen
770 2155 857 2206 suum
867 2152 956 2224 poeta
968 2149 1150 2218 recitaverit;
1165 2147 1247 2219 Pius,
1256 2147 1349 2218 Beck,
1361 2147 1506 2226 Wagner,
1516 2149 1649 2226 Huguet,
1658 2147 1798 2206 Koestlin
1810 2163 1930 2203 cmmen
1942 2147 2126 2220 pernoctem

519 2251 706 2324 confectum:
728 2255 832 2330 Buaio,
854 2255 1060 2330 Pindemonte,
1081 2255 1257 2328 Delamalle,
1280 2255 1417 2328 (laussin,
1438 2255 1593 2314 Bendicho
1613 2275 1634 2331 y
1654 2253 1769 2330 Quilty,
1785 2253 1911 2330 Langen
1926 2271 1974 2310 res
1988 2269 2065 2326 quae
2079 2249 2130 2308 hc

519 2363 591 2420 mini
614 2361 742 2422 insomni
762 2361 865 2422 offerri
881 2365 1016 2422 soleant:
1032 2384 1120 2439 quam
1135 2365 1364 2442 explicationem
1380 2383 1482 2422 veram
1496 2383 1562 2422 esse
1576 2383 1631 2440 pro
1645 2369 1728 2422 certo
1741 2361 1847 2420 habeo.
1910 2362 1971 2420 260
1991 2361 2129 2436 dcccque

517 2473 649 2542 sicarum
670 2470 701 2530 in
724 2471 827 2530 limiae
851 2473 961 2546 liprea:
977 2473 1006 2529 in
1023 2471 1069 2530 his
1084 2471 1186 2532 verbis
1200 2471 1437 2550 interpretandis
1451 2472 1509 2532 viri
1525 2471 1605 2529 docti
1622 2471 1700 2528 inter
1714 2489 1747 2528 se
1762 2467 1976 2528 discesserunt.
1993 2465 2131 2544 Wagner

517 2578 664 2654 explicat:
686 2583 789 2636 tantus
811 2585 877 2636 erat
897 2581 1012 2638 sonitus
1034 2586 1246 2658 tympanorum
1266 2587 1301 2638 ut
1314 2585 1383 2638 ante
1398 2578 1478 2638 sores
1493 2585 1609 2636 stantes
1623 2595 1734 2636 aeneae
1747 2576 1877 2654 tigrides
1892 2579 1922 2633 et
1939 2577 2019 2633 intus
2034 2593 2127 2633 cavae

516 2692 701 2744 resonarent.
724 2685 911 2765 Wesseling,
935 2686 1120 2759 Volkmann,
1142 2687 1344 2748 Ruhnkeuius
1366 2687 1404 2746 dc
1425 2687 1554 2765 pellibus
1575 2685 1740 2762 tigridibus
1762 2684 1909 2744 detractis
1930 2701 2006 2757 quae
2031 2683 2129 2742 venti·

516 2794 594 2852 latae
608 2796 767 2872 strepitum
783 2796 969 2854 concitarent
984 2797 1203 2873 cogitaverunt.
1218 2796 1320 2855 Braun
1337 2802 1423 2874 putat
1439 2798 1534 2874 tigres
1549 2793 1676 2854 feminas
1691 2793 1798 2852 Lemni
1812 2793 1949 2850 iurantes
1964 2793 2127 2871 appellari.

521 2903 582 2963 Sed
603 2904 659 2964 hoc
681 2897 744 2964 loco
765 2904 941 2963 miraculum
964 2903 1076 2964 factum
1099 2923 1165 2964 esse
1186 2911 1275 2982 poeta
1296 2911 1408 2976 narrat,
1430 2911 1465 2963 ut
1484 2903 1603 2970 Iacobs,
1627 2903 1803 2967 Weichert,
1826 2901 1977 2975 Schenkl,
2003 2901 2125 2960 Hartel.

521 3011 672 3090 Gebbing,
694 3013 820 3089 Langen
843 3011 992 3071 videramt.
1076 3013 1134 3071 337
1156 3013 1238 3071 locus
1260 3012 1310 3070 vix
1332 3031 1431 3070 sanus.
1455 3010 1600 3087 Wagner,
1624 3010 1761 3080 Caussin,
1783 3008 1917 3086 Huguet,
1940 3005 2025 3076 Ellis,
2040 3005 2126 3081 Bury

525 3119 691 3196 explicant:
707 3137 766 3177 uno
780 3117 904 3178 fulmine
919 3118 1000 3178 facto
1015 3125 1132 3179 antrum
1148 3124 1230 3178 tacet
1244 3120 1338 3178 donec
1353 3139 1427 3198 opus
1441 3139 1552 3177 novum
1562 3119 1753 3195 suscipiatur.
1765 3115 1863 3190 Quem
1873 3133 1994 3172 sensum
2004 3131 2128 3190 prorsus

520 3227 703 3286 reiciendum
734 3246 792 3286 non
824 3226 960 3303 squidem
993 3229 1139 3286 existimo.
1222 3227 1281 3286 367
1304 3232 1410 3304 quarto
1439 3233 1527 3286 ortu:
1548 3244 1603 3284 nec
1632 3230 1757 3300 quartus
1779 3223 1844 3282 dies
1866 3219 1964 3301 [Pius,
1987 3218 2127 3286 Vossius,

522 3337 656 3414 Huguet,
671 3334 793 3406 Nisard,
807 3335 921 3404 Braun,
936 3335 1071 3416 Langen]
1083 3356 1138 3395 nec
1152 3341 1278 3410 quartus
1292 3337 1403 3394 mensis
1418 3333 1587 3416 {Maserius
1604 3335 1718 3408 Carrio,
1733 3331 1940 3405 Pindemonte,
1951 3327 2127 3387 Delamalle.

522 3440 675 3501 Bendicho
696 3463 716 3519 y
738 3440 853 3519 Quilty,
875 3439 1032 3522 Koestlinl,
1055 3441 1109 3498 sed
1131 3444 1255 3516 quartus
1276 3446 1343 3518 post
1365 3441 1465 3498 lunam
1486 3459 1593 3498 novam
1616 3437 1680 3497 dies
1713 3437 1914 3518 [Burmannus
1938 3441 1969 3494 et
1990 3431 2129 3514 Caussin]

520 3547 574 3608 hoc
589 3548 653 3606 loco
667 3547 827 3606 indicatur.
908 3548 968 3606 377
984 3547 1056 3623 ipsc,
1069 3547 1217 3606 Hercules
1232 3549 1346 3606 scilicet
1358 3545 1470 3627 {Buaiq
1483 3546 1690 3622 Pindcmonto‚
1707 3545 1844 3620 Caussin,
1860 3547 1995 3624 Huguet,
2012 3547 2125 3614 Brauu,

521 3652 772 3728 Hirschwaelder,
794 3653 940 3728 Koestlin,
962 3651 1167 3734 Samuellsonl,
1189 3673 1254 3724 nec,
1275 3661 1308 3711 ut
1332 3654 1395 3712 vult
1417 3653 1562 3732 Wagner.
1584 3652 1686 3710 Iason.
1768 3654 1829 3712 454
1843 3673 1969 3712 croscum
1983 3653 2056 3711 Pius
2084 3653 2129 3710 in-

518 3761 635 3839 tellegit
655 3762 714 3820 iter
735 3781 788 3840 per
810 3782 881 3821 aera
900 3763 1034 3822 factum:
1058 3764 1169 3823 rectius
1190 3764 1396 3834 Burmannus,
1419 3763 1515 3838 Thilo,
1537 3763 1592 3822 Ph.
1620 3761 1769 3840 Wagner,
1796 3763 1922 3841 Langen
1944 3760 1982 3820 de
2003 3761 2125 3820 deserto

517 3868 605 3926 litore
620 3867 837 3944 cogitaverunt
920 3871 979 3929 515
1001 3875 1031 3928 ot
1051 3889 1132 3946 seqq.
1154 3870 1257 3942 Rusio,
1271 3869 1417 3948 Wagner,
1440 3869 1616 3940 Delamalle‚
1639 3869 1776 3944 Caussiu,
1799 3867 2022 3945 Eyssenhardt,
2038 3867 2119 3926 Beu-

519 3977 607 4037 dicho
631 3998 652 4055 y
677 3976 789 4055 Quilty,
813 3977 963 4048 Schenkl,
993 3977 1043 4034 alii
1069 3981 1179 4053 putant
1200 3974 1242 4034 ibi
1263 3973 1383 4034 beluam
1411 3975 1700 4052 appropinquantem
1725 3993 1792 4033 cum
1813 3974 1912 4033 Borea
1941 3974 2125 4054 comparari:

519 4094 623 4146 contra
637 4087 798 4148 Herculem
814 4107 881 4146 cum
894 4087 993 4145 Borea
1009 4087 1176 4164 comparari
1190 4085 1287 4159 Thilo,
1303 4085 1466 4154 Summers,
1486 4085 1611 4161 Langen
1632 4088 1813 4159 statuerunt,
1836 4083 1945 4160 quibus
1968 4083 2126 4142 assentior.

598 4197 657 4254 556
679 4197 758 4254 male
779 4198 875 4255 laetus
896 4195 993 4253 idest
1015 4214 1072 4254 non
1093 4193 1252 4254 bonafide
1273 4195 1369 4252 laetus
1391 4191 1474 4272 [Pius
1495 4204 1526 4254 et
1546 4194 1649 4277 seqql.
1670 4193 1834 4270 Perperam
1854 4194 1987 4253 Bulaeus
2008 4213 2116 4272 parum

520 4307 631 4364 laetum
645 4305 869 4382 interpretatur.
952 4303 1011 4361 566
1032 4320 1138 4361 versus
1158 4304 1207 4378 qui
1230 4303 1259 4360 in
1276 4301 1299 4362 C
1314 4321 1343 4359 m
1365 4302 1390 4360 Τ
1412 4303 1523 4379 legitur
1538 4309 1696 4379 suspectus
1718 4307 1774 4373 est,
1790 4308 1824 4360 nt
1844 4301 1932 4360 Thilo
1954 4301 2040 4376 vidit,
2063 4321 2121 4376 qua

524 4433 555 4470 re
578 4413 713 4470 lacunam
735 4411 838 4467 statui.

600 4515 667 4575 Lib.
690 4515 740 4574 III
764 4517 800 4574 19
821 4522 964 4576 noctur-aa
993 4517 1117 4594 Langen
1139 4535 1192 4592 pro
1221 4524 1363 4576 nocturna
1385 4517 1464 4574 bella
1497 4515 1624 4593 accipit,
1647 4515 1701 4574 sed
1722 4513 1828 4572 melius
1850 4519 1896 4572 est
1918 4518 2062 4574 contiuua
2084 4511 2123 4570 ad

517 4626 631 4700 Erinys
652 4623 766 4684 referre
785 4631 819 4682 ut
839 4624 933 4683 Bunio
953 4624 1159 4700 Pindemonte,
1184 4623 1320 4692 Causam,
1343 4622 1493 4698 Gebbing‚
1516 4623 1710 4696 Samuellson,
1734 4622 1784 4680 alii
1806 4621 2035 4680 contenderunt

516 4737 558 4794 40
578 4733 742 4804 falsantes
762 4735 882 4808 quidem
903 4735 1060 4804 sententia,
1084 4733 1215 4792 Schenkl
1237 4753 1326 4808 cycno
1347 4753 1415 4791 cum
1437 4731 1530 4792 verbo
1545 4731 1617 4790 lenit
1634 4729 1873 4807 coniungendum
1888 4732 2000 4787 censet.
2086 4727 2125 4784 tu

518 4862 645 4909 versum,
668 4861 755 4918 quem
777 4845 807 4901 in
829 4843 964 4919 margine
985 4845 1030 4900 sui
1052 4843 1164 4902 codicis
1185 4843 1290 4902 Carrio
1313 4843 1435 4912 invenit,
1459 4842 1572 4901 Valerii
1593 4863 1652 4900 non
1673 4861 1740 4900 esse
1762 4841 1849 4899 Thilo
1872 4841 2039 4900 rectissime
2061 4859 2124 4898 mo-

516 4949 590 5007 nuit.
671 4951 710 5007 95
731 4949 798 5008 hinc
818 4949 901 5006 varie
923 4948 980 5006 viri
1001 4947 1082 5006 docti
1103 4949 1297 5026 explicarunt.
1329 4947 1537 5017 Burmannus,
1561 4945 1715 5024 Wagner,
1738 4945 1951 5014 Pindemmto,
1976 4946 2122 5006 Gaussiu:

517 5079 534 5116 a
554 5064 641 5133 parte
663 5057 897 5134 Ciaycenorum;
921 5057 1060 5134 Langen:
1084 5061 1165 5126 tum,
1188 5055 1316 5119 deinde:
1338 5055 1525 5114 Delamalle:
1547 5072 1583 5112 ex
1615 5053 1671 5112 hac
1700 5073 1800 5112 causa.
1822 5053 1997 5112 Burmamm
2019 5075 2127 5114 asseu-

517 5167 651 5226 tiendum
673 5185 789 5224 censeo.
874 5167 931 5223 122
953 5165 1023 5240 capi
1032 5184 1038 5222 :
1054 5163 1109 5224 hoc
1129 5163 1220 5223 verbo
1235 5164 1378 5222 Heinsius
1393 5170 1424 5222 et
1437 5162 1532 5221 Buzio
1547 5181 1651 5220 servos
1674 5163 1811 5221 Medouis
1833 5161 1989 5240 designari
2004 5173 2126 5242 putant:

517 5275 662 5353 Wagner.
678 5275 1019 5352 Huguet,Pindemonte
1042 5275 1072 5332 id
1094 5275 1132 5332 ad
1154 5275 1318 5352 Cyzicenos
1339 5291 1441 5332 omnes
1462 5273 1613 5350 pertinere
1636 5271 1832 5330 arbitrantur:
1858 5273 1969 5332 rectius
1985 5274 2126 5351 Bentley.

517 5383 716 5440 Burmannus.
740 5381 875 5441 Caussiu.
897 5382 1053 5440 Beudicho
1074 5403 1094 5458 y
1116 5381 1230 5458 Qltilty.
1254 5383 1377 5454 Langen
1401 5381 1559 5439 hisdonem
1574 5387 1602 5437 et
1619 5380 1773 5459 [ienysum
1797 5381 1983 5453 intellegunt.
2071 5383 2121 5442 lSl
